2346 3876
119 176 166 239 74
377 171 670 228 Acanurnconuu
687 171 854 228 PRIORUM

117 336 209 400 enim
231 333 359 421 vultis),
387 337 513 399 tantam
535 335 602 399 vim
629 335 791 399 natricum
813 333 1060 419 viperarumque
1087 334 1128 399 f-

121 425 211 508 cerit,
241 446 297 488 cur
319 427 388 487 tam
411 424 515 488 multa
544 422 700 507 pestifera
731 426 820 486 terra
841 423 988 507 marique
1011 423 1127 507 disper·

121 513 214 577 serit!
243 510 382 596 Negatis
404 511 485 576 haec
508 515 577 576 tam
599 511 699 595 polite
721 514 853 594 tamque
868 511 1036 575 subtiliter
1048 511 1127 576 effici

122 600 268 685 potuisse
292 600 361 664 sine
385 599 495 664 divina
513 599 623 683 aliqua
636 598 797 682 sollertia,
821 598 911 663 cuius
931 598 1062 683 quidem
1074 620 1127 664 vos

122 689 325 752 maiestatem
354 686 508 752 deducitis
532 686 696 770 usquead
724 687 832 771 apium
862 686 1149 771 formicarumquer'

122 776 368 861 perfectionem,
398 778 435 838 ut
457 775 556 839 etiam
583 776 667 839 inter
694 775 771 839 deos
794 773 1010 858 Myrmecides
1035 775 1128 860 aliqui

122 865 319 929 minutorum
354 863 583 946 opusculorum
621 863 800 928 fabricator
838 862 939 928 fuisse
975 864 1127 930 videatur.

67 968 119 1016 121
143 951 253 1038 Negas
277 953 346 1016 sine
369 951 428 1017 deo
455 973 552 1035 posse
576 952 754 1036 quicquam.
793 951 877 1016 Ecce
899 951 962 1016 tibi
986 973 1003 1015 e
1027 956 1127 1016 trans·

121 1062 214 1105 verso
237 1039 475 1123 Lampsacenus
500 1037 623 1122 Strato,
656 1040 711 1123 qui
738 1039 792 1104 det
821 1039 877 1103 isti
900 1039 961 1104 deo
984 1040 1127 1104 immuni·

121 1131 225 1192 tatem
256 1128 368 1211 magni
404 1127 533 1211 quidem
564 1127 711 1204 ,muneris
748 1127 808 1213 (et,
844 1148 916 1192 cum
949 1129 1157 1194 sacerdoteso

122 1216 255 1280 deorum
278 1215 481 1280 vacationem
510 1215 666 1300 habeant,
699 1218 821 1301 quanto
845 1219 895 1280 est
918 1217 1054 1301 aequius
1076 1217 1128 1280 ba·

121 1304 197 1368 bere
220 1303 310 1387 ipsos
334 1302 458 1386 deust),
487 1307 588 1387 negat
610 1325 709 1387 opera
736 1304 869 1368 deorum
892 1325 925 1368 se
948 1305 999 1369 uti
1023 1304 1063 1369 ad
1085 1305 1128 1370 fa·

121 1391 312 1456 bricandum
334 1391 498 1455 mundum.
545 1390 769 1477 Quaecumque
798 1392 877 1474 sint,
907 1393 1001 1458 docet
1024 1393 1129 1459 omnis

122 1480 236 1544 effecte
254 1501 324 1544 esse
346 1484 474 1564 natura,
495 1500 564 1563 nec,
586 1483 624 1543 ut
646 1480 710 1560 ille,
734 1481 788 1564 qui
807 1480 931 1564 asperis
950 1484 984 1545 et
1005 1482 1128 1546 levibus

120 1571 154 1632 et
176 1568 319 1633 hamatis
337 1568 563 1652 uncinatisque
582 1569 774 1651 corporibus
790 1572 940 1633 concreta
962 1568 1045 1635 haec
1062 1587 1157 1634 esses

118 1657 208 1721 dicat
245 1657 413 1721 interiecto
452 1656 541 1720 inani
571 1692 609 1704 -
641 1655 782 1741 (somnia
809 1660 920 1722 censet
951 1657 1032 1722 haec
1061 1679 1128 1723 esse

120 1744 301 1810 Democriti
323 1766 390 1810 non
413 1744 567 1828 docentis,
591 1743 647 1808 sed
666 1741 827 1829 optantis)
849 1745 919 1828 ipse
938 1748 1048 1810 autem
1066 1747 1125 1810 sin-

118 1832 215 1916 gulas
238 1832 349 1896 mundi
371 1836 479 1916 partes
509 1852 717 1916 persequens,
750 1832 904 1917 quidquid
927 1836 984 1897 cut
1007 1835 1052 1899 sit
1074 1837 1127 1898 sut

121 1921 189 2003 fiat,
210 1919 413 1984 naturalibus
436 1919 507 1984 fieri
521 1923 577 1984 aut
598 1920 722 1985 factum
735 1941 804 1984 esse
823 1921 916 2003 docet
933 1922 1126 2006 ponderibus

65 2076 75 2094 .
119 2011 156 2072 et
178 2008 330 2072 motibus.
369 2006 420 2072 Ne
442 2006 498 2071 ille
522 2011 555 2072 et
576 2007 672 2073 deum
696 2031 791 2093 opere
813 2029 933 2093 magno
956 2009 1077 2076 liberat
1097 2013 1166 2075 ets.

119 2117 173 2160 me
200 2096 326 2160 timore.
372 2094 450 2171 Quis
474 2096 559 2160 eninr
589 2101 711 2181 potest,
743 2119 815 2162 cum
839 2098 1004 2163 existimet
1025 2099 1128 2164 curari

120 2204 157 2249 se
181 2205 200 2247 a
222 2183 290 2267 deo,
318 2205 385 2247 non
407 2188 442 2249 et
464 2184 532 2248 dies
555 2188 588 2250 et
610 2188 722 2250 noctes
746 2185 891 2250 divinum
913 2207 1036 2253 numen
1056 2186 1128 2252 hor·

120 2292 192 2335 rere
215 2274 261 2355 et,
293 2271 321 2335 si
351 2271 428 2355 quid
455 2272 582 2337 adversi
610 2272 763 2338 acciderit
794 2271 894 2359 (quod
916 2274 969 2339 oui
990 2296 1057 2342 non
1080 2297 1127 2340 ac·

119 2357 257 2444 ciditl),
287 2359 507 2438 extimescere,
530 2381 571 2425 ne
594 2360 627 2424 id
649 2362 717 2425 iure
741 2362 904 2426 evenerit?
949 2361 1019 2429 Nec
1043 2361 1126 2429 Stra·

119 2447 191 2512 toni
213 2452 324 2512 tamen
347 2447 513 2514 adsentior
533 2468 591 2512 nec
615 2471 691 2514 vero
714 2449 789 2536 tibi,
817 2449 912 2515 modo
935 2450 1013 2537 boc,
1035 2450 1159 2517 modos

120 2535 202 2600 illud
224 2536 425 2619 probabilius
447 2535 583 2601 videtur.
699 2532 702 2545 ’

63 2667 119 2810 {3292
187 2711 306 2777 Latent
337 2711 402 2775 ista
434 2712 556 2796 omnia,
587 2709 732 2795 Luculle,
764 2714 879 2779 crassis
912 2715 1076 2781 occultate
1097 2717 1127 2781 et

144 2800 338 2864 circumfusa
377 2796 537 2884 tenebris,
577 2803 614 2864 ut
653 2802 745 2866 nulla
786 2803 871 2866 acies
911 2802 1047 2869 humani
1082 2805 1127 2870 in·

121 2887 210 2972 genii
232 2891 326 2951 tants
348 2886 404 2970 sit,
427 2909 507 2971 quae
530 2893 699 2972 penetrare
722 2890 757 2954 in
780 2891 917 2975 caelum,
939 2893 1062 2957 terram
1082 2893 1128 2957 in·

120 2979 208 3039 trare
241 2975 359 3058 possit,
395 2995 533 3059 corpora
558 2980 671 3042 nostra
696 2999 762 3043 non
787 2979 951 3061 novimus,
980 2980 1037 3064 qui
1066 2981 1161 3046 sintu

121 3063 203 3128 situs
227 3063 381 3146 partium,
410 3085 506 3147 quam
528 3065 595 3129 vim
619 3087 762 3150 quaeque
784 3088 861 3150 pars
883 3067 1018 3146 hebeat,
1040 3069 1129 3154 igno·

121 3172 239 3215 ramus.
264 3149 379 3235 Itaque
401 3152 519 3217 medici
541 3153 615 3237 ipsi,
639 3176 773 3238 quorum
795 3154 951 3219 intererat
969 3176 1129 3238 concess,

120 3242 330 3323 aperuerunt,
358 3240 612 3327 utviderentu13
641 3263 700 3306 nec
724 3263 760 3307 eo
784 3246 895 3307 tomen
918 3244 1010 3307 aiunt
1032 3243 1129 3329 empi-

118 3328 181 3392 rici
203 3328 333 3392 notiora
356 3348 425 3392 esse
447 3328 520 3413 illa,
552 3329 629 3414 quia
650 3330 757 3414 possit
783 3330 867 3415 fieri,
898 3334 936 3395 ut
967 3332 1131 3415 patefacta

118 3419 155 3479 et
187 3414 315 3481 detecta
348 3419 523 3480 mutentur.
569 3414 631 3481 Sed
659 3418 772 3502 ecquid
802 3440 863 3484 nos
891 3420 1005 3484 eodem
1034 3419 1165 3486 modos

104 3523 221 3566 reruni
244 3506 384 3568 naturas
405 3525 590 3592 persecare,
618 3507 754 3590 aperire,
783 3505 926 3572 dividere
948 3529 1157 3592 possumus„
