<?xml version="1.0" encoding="UTF-8"?>
<!DOCTYPE html PUBLIC "-//W3C//DTD XHTML 1.0 Transitional//EN"
    "http://www.w3.org/TR/xhtml1/DTD/xhtml1-transitional.dtd">
<html xmlns="http://www.w3.org/1999/xhtml" xml:lang="en" lang="en">
 <head>
  <title>
</title>
<meta http-equiv="Content-Type" content="text/html;charset=utf-8" />
  <meta name='ocr-system' content='tesseract 3.04.00' />
  <meta name='ocr-capabilities' content='ocr_page ocr_carea ocr_par ocr_line ocrx_word'/>
</head>
<body>
  <div class='ocr_page' id='page_1' title='image "./mtulliiciceroni00mlgoog_0120.png"; bbox 0 0 2346 3876; ppageno 0'>
   <div class='ocr_carea' id='block_1_1' title="bbox 292 157 1088 252">
    <p class='ocr_par' dir='ltr' id='par_1_1' title="bbox 292 157 1088 252">
     <span class='ocr_line' id='line_1_1' title="bbox 292 157 1088 252; baseline 0.015 -13"><span class='ocrx_word' id='word_1_1' title='bbox 292 185 360 240; x_wconf 78' lang='lat' dir='ltr'>ms.</span> <span class='ocrx_word' id='word_1_2' title='bbox 375 184 413 240; x_wconf 87' lang='lat'>11.</span> <span class='ocrx_word' id='word_1_3' title='bbox 439 157 519 242; x_wconf 71' lang='lat' dir='ltr'>cnr.</span> <span class='ocrx_word' id='word_1_4' title='bbox 538 190 652 241; x_wconf 74' lang='lat' dir='ltr'>er-sc.</span> <span class='ocrx_word' id='word_1_5' title='bbox 680 191 696 252; x_wconf 74' lang='lat' dir='ltr'>s</span> <span class='ocrx_word' id='word_1_6' title='bbox 715 191 864 243; x_wconf 77' lang='lat' dir='ltr'>rur-nc.</span> <span class='ocrx_word' id='word_1_7' title='bbox 1048 184 1088 250; x_wconf 76' lang='lat'>71·</span> 
     </span>
    </p>
   </div>
   <div class='ocr_carea' id='block_1_2' title="bbox 59 344 1092 785">
    <p class='ocr_par' dir='ltr' id='par_1_2' title="bbox 59 344 1092 785">
     <span class='ocr_line' id='line_1_2' title="bbox 81 344 1090 432; baseline 0 -20"><span class='ocrx_word' id='word_1_8' title='bbox 81 367 182 432; x_wconf 92' lang='lat' dir='ltr'>ponas</span> <span class='ocrx_word' id='word_1_9' title='bbox 219 344 426 430; x_wconf 71' lang='lat' dir='ltr'><strong>disciplinam</strong></span> <span class='ocrx_word' id='word_1_10' title='bbox 461 347 655 430; x_wconf 77' lang='lat' dir='ltr'>sapientiae,</span> <span class='ocrx_word' id='word_1_11' title='bbox 694 348 846 412; x_wconf 88' lang='lat' dir='ltr'>naturam</span> <span class='ocrx_word' id='word_1_12' title='bbox 880 369 988 414; x_wconf 90' lang='lat' dir='ltr'>rerum</span> <span class='ocrx_word' id='word_1_13' title='bbox 1024 369 1090 413; x_wconf 90' lang='lat' dir='ltr'>om·</span> 
     </span>
     <span class='ocr_line' id='line_1_3' title="bbox 81 433 1090 520; baseline 0.001 -21"><span class='ocrx_word' id='word_1_14' title='bbox 81 436 168 500; x_wconf 89' lang='lat' dir='ltr'>nium</span> <span class='ocrx_word' id='word_1_15' title='bbox 192 433 341 518; x_wconf 82' lang='lat' dir='ltr'><strong>evolvas,</strong></span> <span class='ocrx_word' id='word_1_16' title='bbox 364 455 470 500; x_wconf 86' lang='lat' dir='ltr'>mores</span> <span class='ocrx_word' id='word_1_17' title='bbox 492 437 611 520; x_wconf 83' lang='lat' dir='ltr'>fingas,</span> <span class='ocrx_word' id='word_1_18' title='bbox 634 436 713 500; x_wconf 87' lang='lat' dir='ltr'>fines</span> <span class='ocrx_word' id='word_1_19' title='bbox 736 435 895 501; x_wconf 92' lang='lat' dir='ltr'>bonorum</span> <span class='ocrx_word' id='word_1_20' title='bbox 916 436 1090 501; x_wconf 89' lang='lat' dir='ltr'>malorum-</span> 
     </span>
     <span class='ocr_line' id='line_1_4' title="bbox 82 521 1091 608; baseline 0.002 -21"><span class='ocrx_word' id='word_1_21' title='bbox 82 544 139 607; x_wconf 85' lang='lat' dir='ltr'>que</span> <span class='ocrx_word' id='word_1_22' title='bbox 154 521 348 601; x_wconf 86' lang='lat' dir='ltr'>oonstituas,</span> <span class='ocrx_word' id='word_1_23' title='bbox 371 521 479 588; x_wconf 83' lang='lat' dir='ltr'>officia</span> <span class='ocrx_word' id='word_1_24' title='bbox 500 522 664 606; x_wconf 79' lang='lat' dir='ltr'>discribas,</span> <span class='ocrx_word' id='word_1_25' title='bbox 688 545 784 607; x_wconf 89' lang='lat' dir='ltr'>quam</span> <span class='ocrx_word' id='word_1_26' title='bbox 797 524 898 589; x_wconf 84' lang='lat' dir='ltr'>vitam</span> <span class='ocrx_word' id='word_1_27' title='bbox 919 524 1091 608; x_wconf 84' lang='lat' dir='ltr'>ingrediar,</span> 
     </span>
     <span class='ocr_line' id='line_1_5' title="bbox 82 609 1090 696; baseline 0.001 -20"><span class='ocrx_word' id='word_1_28' title='bbox 82 611 216 676; x_wconf 87' lang='lat' dir='ltr'>definias</span> <span class='ocrx_word' id='word_1_29' title='bbox 238 609 388 694; x_wconf 86' lang='lat' dir='ltr'>idemque</span> <span class='ocrx_word' id='word_1_30' title='bbox 408 610 507 676; x_wconf 89' lang='lat' dir='ltr'>etiam</span> <span class='ocrx_word' id='word_1_31' title='bbox 525 610 712 695; x_wconf 88' lang='lat' dir='ltr'>disputandi</span> <span class='ocrx_word' id='word_1_32' title='bbox 726 615 759 677; x_wconf 92' lang='lat' dir='ltr'>et</span> <span class='ocrx_word' id='word_1_33' title='bbox 777 611 987 696; x_wconf 83' lang='lat' dir='ltr'>intellegendi</span> <span class='ocrx_word' id='word_1_34' title='bbox 1008 612 1090 677; x_wconf 90' lang='lat' dir='ltr'>iudi·</span> 
     </span>
     <span class='ocr_line' id='line_1_6' title="bbox 59 688 1092 785; baseline 0 -21"><span class='ocrx_word' id='word_1_35' title='bbox 59 699 165 764; x_wconf 82' lang='lat' dir='ltr'>scium</span> <span class='ocrx_word' id='word_1_36' title='bbox 196 696 285 762; x_wconf 88' lang='lat' dir='ltr'>dicas</span> <span class='ocrx_word' id='word_1_37' title='bbox 312 701 345 763; x_wconf 83' lang='lat' dir='ltr'>tc</span> <span class='ocrx_word' id='word_1_38' title='bbox 367 701 401 763; x_wconf 89' lang='lat' dir='ltr'>et</span> <span class='ocrx_word' id='word_1_39' title='bbox 423 688 595 764; x_wconf 76' lang='lat' dir='ltr'>artificium</span> <span class='ocrx_word' id='word_1_40' title='bbox 622 699 832 784; x_wconf 88' lang='lat' dir='ltr'>traditurum,</span> <span class='ocrx_word' id='word_1_41' title='bbox 862 699 1022 785; x_wconf 89' lang='lat' dir='ltr'>perficies,</span> <span class='ocrx_word' id='word_1_42' title='bbox 1054 703 1092 764; x_wconf 88' lang='lat' dir='ltr'>ut</span> 
     </span>
    </p>
   </div>
   <div class='ocr_carea' id='block_1_3' title="bbox 51 786 1147 3614">
    <p class='ocr_par' dir='ltr' id='par_1_3' title="bbox 51 786 1147 3614">
     <span class='ocr_line' id='line_1_7' title="bbox 83 786 1091 873; baseline 0 -21"><span class='ocrx_word' id='word_1_43' title='bbox 83 807 140 872; x_wconf 82' lang='lat' dir='ltr'>ego</span> <span class='ocrx_word' id='word_1_44' title='bbox 172 786 241 850; x_wconf 86' lang='lat' dir='ltr'>ista</span> <span class='ocrx_word' id='word_1_45' title='bbox 273 786 523 852; x_wconf 84' lang='lat' dir='ltr'>innumerabilia</span> <span class='ocrx_word' id='word_1_46' title='bbox 552 788 766 871; x_wconf 88' lang='lat' dir='ltr'>complectens</span> <span class='ocrx_word' id='word_1_47' title='bbox 798 809 959 873; x_wconf 85' lang='lat' dir='ltr'>nusquam</span> <span class='ocrx_word' id='word_1_48' title='bbox 989 789 1091 871; x_wconf 88' lang='lat' dir='ltr'>labar,</span> 
     </span>
     <span class='ocr_line' id='line_1_8' title="bbox 82 872 1091 961; baseline 0.002 -23"><span class='ocrx_word' id='word_1_49' title='bbox 82 874 164 939; x_wconf 90' lang='lat' dir='ltr'>nihil</span> <span class='ocrx_word' id='word_1_50' title='bbox 185 872 322 958; x_wconf 78' lang='lat' dir='ltr'>opiner?</span> <span class='ocrx_word' id='word_1_51' title='bbox 346 874 435 951; x_wconf 81' lang='lat' dir='ltr'>Quae</span> <span class='ocrx_word' id='word_1_52' title='bbox 457 875 588 940; x_wconf 89' lang='lat' dir='ltr'>tandem</span> <span class='ocrx_word' id='word_1_53' title='bbox 606 897 645 940; x_wconf 90' lang='lat' dir='ltr'>ea</span> <span class='ocrx_word' id='word_1_54' title='bbox 664 880 713 941; x_wconf 90' lang='lat' dir='ltr'>est</span> <span class='ocrx_word' id='word_1_55' title='bbox 731 876 913 960; x_wconf 86' lang='lat' dir='ltr'>disciplina,</span> <span class='ocrx_word' id='word_1_56' title='bbox 936 877 1091 961; x_wconf 90' lang='lat' dir='ltr'>adquam</span> 
     </span>
     <span class='ocr_line' id='line_1_9' title="bbox 83 961 1091 1047; baseline 0 -19"><span class='ocrx_word' id='word_1_57' title='bbox 83 985 130 1028; x_wconf 89' lang='lat' dir='ltr'>me</span> <span class='ocrx_word' id='word_1_58' title='bbox 153 961 306 1047; x_wconf 86' lang='lat' dir='ltr'>deducas,</span> <span class='ocrx_word' id='word_1_59' title='bbox 328 962 357 1028; x_wconf 87' lang='lat' dir='ltr'>si</span> <span class='ocrx_word' id='word_1_60' title='bbox 379 965 421 1029; x_wconf 88' lang='lat' dir='ltr'>ab</span> <span class='ocrx_word' id='word_1_61' title='bbox 443 964 505 1028; x_wconf 89' lang='lat' dir='ltr'>hac</span> <span class='ocrx_word' id='word_1_62' title='bbox 528 964 748 1029; x_wconf 65' lang='lat' dir='ltr'>abstraxeris?</span> <span class='ocrx_word' id='word_1_63' title='bbox 771 986 893 1047; x_wconf 84' lang='lat' dir='ltr'>vereor,</span> <span class='ocrx_word' id='word_1_64' title='bbox 914 986 956 1029; x_wconf 91' lang='lat' dir='ltr'>ne</span> <span class='ocrx_word' id='word_1_65' title='bbox 974 965 1091 1030; x_wconf 90' lang='lat' dir='ltr'>subad-</span> 
     </span>
     <span class='ocr_line' id='line_1_10' title="bbox 83 1050 1090 1138; baseline -0.001 -21"><span class='ocrx_word' id='word_1_66' title='bbox 83 1054 238 1136; x_wconf 78' lang='lat' dir='ltr'>roganter</span> <span class='ocrx_word' id='word_1_67' title='bbox 259 1050 375 1134; x_wconf 87' lang='lat' dir='ltr'>facias,</span> <span class='ocrx_word' id='word_1_68' title='bbox 408 1052 436 1117; x_wconf 90' lang='lat' dir='ltr'>si</span> <span class='ocrx_word' id='word_1_69' title='bbox 468 1052 585 1117; x_wconf 87' lang='lat' dir='ltr'>dixeris</span> <span class='ocrx_word' id='word_1_70' title='bbox 607 1056 711 1138; x_wconf 88' lang='lat' dir='ltr'>tuam;</span> <span class='ocrx_word' id='word_1_71' title='bbox 742 1054 834 1138; x_wconf 90' lang='lat' dir='ltr'>atqui</span> <span class='ocrx_word' id='word_1_72' title='bbox 855 1054 904 1117; x_wconf 87' lang='lat' dir='ltr'>ita</span> <span class='ocrx_word' id='word_1_73' title='bbox 927 1053 1014 1118; x_wconf 89' lang='lat' dir='ltr'>dicas</span> <span class='ocrx_word' id='word_1_74' title='bbox 1036 1073 1090 1116; x_wconf 89' lang='lat' dir='ltr'>ne-</span> 
     </span>
     <span class='ocr_line' id='line_1_11' title="bbox 55 1138 1091 1226; baseline 0.002 -22"><span class='ocrx_word' id='word_1_75' title='bbox 55 1164 74 1204; x_wconf 85' lang='lat' dir='ltr'>u</span> <span class='ocrx_word' id='word_1_76' title='bbox 84 1161 167 1206; x_wconf 88' lang='lat' dir='ltr'>cesse</span> <span class='ocrx_word' id='word_1_77' title='bbox 192 1141 252 1204; x_wconf 81' lang='lat' dir='ltr'>est</span> <span class='ocrx_word' id='word_1_78' title='bbox 283 1138 396 1224; x_wconf 87' lang='lat' dir='ltr'>Neque</span> <span class='ocrx_word' id='word_1_79' title='bbox 417 1162 495 1207; x_wconf 83' lang='lat' dir='ltr'>vero</span> <span class='ocrx_word' id='word_1_80' title='bbox 516 1144 554 1205; x_wconf 88' lang='lat' dir='ltr'>tu</span> <span class='ocrx_word' id='word_1_81' title='bbox 576 1141 674 1224; x_wconf 75' lang='lat' dir='ltr'>solus,</span> <span class='ocrx_word' id='word_1_82' title='bbox 697 1140 754 1206; x_wconf 88' lang='lat' dir='ltr'>sed</span> <span class='ocrx_word' id='word_1_83' title='bbox 777 1141 819 1206; x_wconf 87' lang='lat' dir='ltr'>ad</span> <span class='ocrx_word' id='word_1_84' title='bbox 842 1163 933 1207; x_wconf 90' lang='lat' dir='ltr'>suam</span> <span class='ocrx_word' id='word_1_85' title='bbox 956 1142 1091 1226; x_wconf 88' lang='lat' dir='ltr'>quisque</span> 
     </span>
     <span class='ocr_line' id='line_1_12' title="bbox 84 1226 1144 1315; baseline 0.002 -21"><span class='ocrx_word' id='word_1_86' title='bbox 84 1228 195 1314; x_wconf 80' lang='lat' dir='ltr'>rapiet</span> <span class='ocrx_word' id='word_1_87' title='bbox 247 1226 333 1312; x_wconf 80' lang='lat' dir='ltr'>Age,</span> <span class='ocrx_word' id='word_1_88' title='bbox 363 1229 513 1293; x_wconf 78' lang='lat' dir='ltr'>restitero</span> <span class='ocrx_word' id='word_1_89' title='bbox 542 1228 781 1314; x_wconf 84' lang='lat' dir='ltr'>Peripateticis,</span> <span class='ocrx_word' id='word_1_90' title='bbox 813 1231 869 1315; x_wconf 91' lang='lat' dir='ltr'>qui</span> <span class='ocrx_word' id='word_1_91' title='bbox 900 1230 963 1296; x_wconf 88' lang='lat' dir='ltr'>sibi</span> <span class='ocrx_word' id='word_1_92' title='bbox 995 1247 1144 1298; x_wconf 78' lang='lat' dir='ltr'>cum115</span> 
     </span>
     <span class='ocr_line' id='line_1_13' title="bbox 83 1316 1091 1403; baseline -0.001 -20"><span class='ocrx_word' id='word_1_93' title='bbox 83 1316 267 1383; x_wconf 85' lang='lat' dir='ltr'>oratoribus</span> <span class='ocrx_word' id='word_1_94' title='bbox 299 1317 526 1400; x_wconf 72' lang='lat' dir='ltr'>cognationem</span> <span class='ocrx_word' id='word_1_95' title='bbox 553 1339 636 1401; x_wconf 89' lang='lat' dir='ltr'>esse,</span> <span class='ocrx_word' id='word_1_96' title='bbox 669 1318 724 1403; x_wconf 92' lang='lat' dir='ltr'>qui</span> <span class='ocrx_word' id='word_1_97' title='bbox 757 1319 860 1384; x_wconf 88' lang='lat' dir='ltr'>claros</span> <span class='ocrx_word' id='word_1_98' title='bbox 895 1319 981 1384; x_wconf 87' lang='lat' dir='ltr'>viros</span> <span class='ocrx_word' id='word_1_99' title='bbox 1009 1342 1029 1384; x_wconf 91' lang='lat' dir='ltr'>a</span> <span class='ocrx_word' id='word_1_100' title='bbox 1056 1339 1091 1382; x_wconf 91' lang='lat' dir='ltr'>se</span> 
     </span>
     <span class='ocr_line' id='line_1_14' title="bbox 83 1404 1091 1491; baseline 0.001 -21"><span class='ocrx_word' id='word_1_101' title='bbox 83 1406 257 1470; x_wconf 72' lang='lat' dir='ltr'>nameus</span> <span class='ocrx_word' id='word_1_102' title='bbox 287 1404 395 1471; x_wconf 88' lang='lat' dir='ltr'>dicant</span> <span class='ocrx_word' id='word_1_103' title='bbox 420 1426 489 1470; x_wconf 88' lang='lat' dir='ltr'>rem</span> <span class='ocrx_word' id='word_1_104' title='bbox 517 1405 682 1490; x_wconf 82' lang='lat' dir='ltr'>publicam</span> <span class='ocrx_word' id='word_1_105' title='bbox 705 1428 801 1491; x_wconf 88' lang='lat' dir='ltr'>saepe</span> <span class='ocrx_word' id='word_1_106' title='bbox 827 1407 962 1490; x_wconf 87' lang='lat' dir='ltr'>rexisse,</span> <span class='ocrx_word' id='word_1_107' title='bbox 993 1407 1091 1472; x_wconf 91' lang='lat' dir='ltr'>susti-</span> 
     </span>
     <span class='ocr_line' id='line_1_15' title="bbox 82 1491 1090 1579; baseline 0.002 -21"><span class='ocrx_word' id='word_1_108' title='bbox 82 1515 180 1559; x_wconf 91' lang='lat' dir='ltr'>nuero</span> <span class='ocrx_word' id='word_1_109' title='bbox 197 1491 386 1576; x_wconf 81' lang='lat' dir='ltr'>Epicureos,</span> <span class='ocrx_word' id='word_1_110' title='bbox 408 1496 461 1559; x_wconf 87' lang='lat' dir='ltr'>tot</span> <span class='ocrx_word' id='word_1_111' title='bbox 477 1515 565 1559; x_wconf 92' lang='lat' dir='ltr'>meos</span> <span class='ocrx_word' id='word_1_112' title='bbox 588 1493 775 1579; x_wconf 86' lang='lat' dir='ltr'>familiares,</span> <span class='ocrx_word' id='word_1_113' title='bbox 796 1499 865 1560; x_wconf 87' lang='lat' dir='ltr'>tam</span> <span class='ocrx_word' id='word_1_114' title='bbox 886 1495 1000 1578; x_wconf 87' lang='lat' dir='ltr'>bonos,</span> <span class='ocrx_word' id='word_1_115' title='bbox 1022 1499 1090 1560; x_wconf 88' lang='lat' dir='ltr'>tam</span> 
     </span>
     <span class='ocr_line' id='line_1_16' title="bbox 55 1580 1091 1668; baseline 0.001 -23"><span class='ocrx_word' id='word_1_116' title='bbox 55 1581 166 1647; x_wconf 76' lang='lat' dir='ltr'>umber</span> <span class='ocrx_word' id='word_1_117' title='bbox 189 1602 226 1646; x_wconf 89' lang='lat' dir='ltr'>se</span> <span class='ocrx_word' id='word_1_118' title='bbox 249 1584 395 1646; x_wconf 87' lang='lat' dir='ltr'>amantes</span> <span class='ocrx_word' id='word_1_119' title='bbox 418 1582 521 1666; x_wconf 71' lang='lat' dir='ltr'>viros,</span> <span class='ocrx_word' id='word_1_120' title='bbox 548 1582 690 1649; x_wconf 90' lang='lat' dir='ltr'>Diodoto</span> <span class='ocrx_word' id='word_1_121' title='bbox 714 1583 791 1668; x_wconf 92' lang='lat' dir='ltr'>quid</span> <span class='ocrx_word' id='word_1_122' title='bbox 817 1583 937 1647; x_wconf 85' lang='lat' dir='ltr'>faciam</span> <span class='ocrx_word' id='word_1_123' title='bbox 959 1580 1091 1648; x_wconf 85' lang='lat' dir='ltr'>Stoico?</span> 
     </span>
     <span class='ocr_line' id='line_1_17' title="bbox 84 1670 1092 1756; baseline -0.001 -21"><span class='ocrx_word' id='word_1_124' title='bbox 84 1691 177 1755; x_wconf 88' lang='lat' dir='ltr'>quem</span> <span class='ocrx_word' id='word_1_125' title='bbox 200 1690 222 1734; x_wconf 89' lang='lat' dir='ltr'>a</span> <span class='ocrx_word' id='word_1_126' title='bbox 244 1691 344 1753; x_wconf 90' lang='lat' dir='ltr'>puero</span> <span class='ocrx_word' id='word_1_127' title='bbox 368 1670 486 1756; x_wconf 86' lang='lat' dir='ltr'>andivi,</span> <span class='ocrx_word' id='word_1_128' title='bbox 509 1671 564 1756; x_wconf 92' lang='lat' dir='ltr'>qui</span> <span class='ocrx_word' id='word_1_129' title='bbox 586 1692 710 1736; x_wconf 89' lang='lat' dir='ltr'>mecum</span> <span class='ocrx_word' id='word_1_130' title='bbox 728 1671 811 1737; x_wconf 83' lang='lat' dir='ltr'>vivit</span> <span class='ocrx_word' id='word_1_131' title='bbox 833 1674 884 1735; x_wconf 88' lang='lat' dir='ltr'>tot</span> <span class='ocrx_word' id='word_1_132' title='bbox 906 1691 1017 1753; x_wconf 87' lang='lat' dir='ltr'>annos,</span> <span class='ocrx_word' id='word_1_133' title='bbox 1036 1671 1092 1755; x_wconf 88' lang='lat' dir='ltr'>qui</span> 
     </span>
     <span class='ocr_line' id='line_1_18' title="bbox 83 1757 1092 1843; baseline -0.002 -19"><span class='ocrx_word' id='word_1_134' title='bbox 83 1758 210 1824; x_wconf 86' lang='lat' dir='ltr'>habitat</span> <span class='ocrx_word' id='word_1_135' title='bbox 235 1757 320 1842; x_wconf 89' lang='lat' dir='ltr'>apud</span> <span class='ocrx_word' id='word_1_136' title='bbox 342 1779 403 1843; x_wconf 91' lang='lat' dir='ltr'>me,</span> <span class='ocrx_word' id='word_1_137' title='bbox 426 1779 522 1843; x_wconf 91' lang='lat' dir='ltr'>quem</span> <span class='ocrx_word' id='word_1_138' title='bbox 544 1761 577 1824; x_wconf 91' lang='lat' dir='ltr'>et</span> <span class='ocrx_word' id='word_1_139' title='bbox 600 1759 742 1824; x_wconf 88' lang='lat' dir='ltr'>admiror</span> <span class='ocrx_word' id='word_1_140' title='bbox 766 1762 798 1825; x_wconf 88' lang='lat' dir='ltr'>et</span> <span class='ocrx_word' id='word_1_141' title='bbox 821 1759 930 1843; x_wconf 83' lang='lat' dir='ltr'>diligo,</span> <span class='ocrx_word' id='word_1_142' title='bbox 953 1759 1009 1842; x_wconf 91' lang='lat' dir='ltr'>qui</span> <span class='ocrx_word' id='word_1_143' title='bbox 1026 1759 1092 1823; x_wconf 83' lang='lat' dir='ltr'>ista</span> 
     </span>
     <span class='ocr_line' id='line_1_19' title="bbox 82 1843 1092 1932; baseline 0 -20"><span class='ocrx_word' id='word_1_144' title='bbox 82 1845 266 1912; x_wconf 78' lang='lat' dir='ltr'>Antiochea</span> <span class='ocrx_word' id='word_1_145' title='bbox 288 1847 475 1911; x_wconf 87' lang='lat' dir='ltr'>contemnit.</span> <span class='ocrx_word' id='word_1_146' title='bbox 506 1843 637 1930; x_wconf 89' lang='lat' dir='ltr'>Nostra,</span> <span class='ocrx_word' id='word_1_147' title='bbox 659 1847 794 1932; x_wconf 88' lang='lat' dir='ltr'>inquies,</span> <span class='ocrx_word' id='word_1_148' title='bbox 817 1847 887 1912; x_wconf 89' lang='lat' dir='ltr'>sola</span> <span class='ocrx_word' id='word_1_149' title='bbox 908 1868 986 1911; x_wconf 89' lang='lat' dir='ltr'>vcra</span> <span class='ocrx_word' id='word_1_150' title='bbox 1008 1850 1092 1912; x_wconf 87' lang='lat' dir='ltr'>sunt.</span> 
     </span>
     <span class='ocr_line' id='line_1_20' title="bbox 83 1932 1091 2036; baseline -0.002 -34"><span class='ocrx_word' id='word_1_151' title='bbox 83 1933 175 2002; x_wconf 76' lang='lat' dir='ltr'>Certe</span> <span class='ocrx_word' id='word_1_152' title='bbox 199 1932 280 2016; x_wconf 86' lang='lat' dir='ltr'>sola,</span> <span class='ocrx_word' id='word_1_153' title='bbox 303 1934 332 1999; x_wconf 88' lang='lat' dir='ltr'>si</span> <span class='ocrx_word' id='word_1_154' title='bbox 353 1956 442 2020; x_wconf 83' lang='lat' dir='ltr'>vera3</span> <span class='ocrx_word' id='word_1_155' title='bbox 464 1936 559 2018; x_wconf 88' lang='lat' dir='ltr'>plura</span> <span class='ocrx_word' id='word_1_156' title='bbox 581 1936 667 2001; x_wconf 90' lang='lat' dir='ltr'>enim</span> <span class='ocrx_word' id='word_1_157' title='bbox 689 1957 766 2000; x_wconf 87' lang='lat' dir='ltr'>vcra</span> <span class='ocrx_word' id='word_1_158' title='bbox 787 1935 1004 2036; x_wconf 79' lang='lat' dir='ltr'>discrepantia</span> <span class='ocrx_word' id='word_1_159' title='bbox 1021 1956 1091 2000; x_wconf 91' lang='lat' dir='ltr'>esse</span> 
     </span>
     <span class='ocr_line' id='line_1_21' title="bbox 53 2022 1092 2197; baseline -0.002 -20"><span class='ocrx_word' id='word_1_160' title='bbox 53 2022 605 2197; x_wconf 55' lang='lat' dir='ltr'>”tlatzfftulitttttss</span> <span class='ocrx_word' id='word_1_161' title='bbox 620 2024 1001 2197; x_wconf 51' lang='lat' dir='ltr'>attitulat?</span> <span class='ocrx_word' id='word_1_162' title='bbox 1011 2023 1092 2176; x_wconf 58' lang='lat' dir='ltr'>,tt</span> 
     </span>
     <span class='ocr_line' id='line_1_22' title="bbox 82 2198 1092 2285; baseline -0.001 -20"><span class='ocrx_word' id='word_1_163' title='bbox 82 2222 113 2266; x_wconf 86' lang='lat' dir='ltr'>se</span> <span class='ocrx_word' id='word_1_164' title='bbox 127 2199 221 2265; x_wconf 86' lang='lat' dir='ltr'>solos</span> <span class='ocrx_word' id='word_1_165' title='bbox 236 2198 367 2263; x_wconf 89' lang='lat' dir='ltr'>omnia?</span> <span class='ocrx_word' id='word_1_166' title='bbox 399 2198 475 2265; x_wconf 92' lang='lat' dir='ltr'>Non</span> <span class='ocrx_word' id='word_1_167' title='bbox 487 2222 540 2267; x_wconf 89' lang='lat' dir='ltr'>me</span> <span class='ocrx_word' id='word_1_168' title='bbox 554 2200 691 2285; x_wconf 88' lang='lat' dir='ltr'>quidem,</span> <span class='ocrx_word' id='word_1_169' title='bbox 709 2201 824 2284; x_wconf 88' lang='lat' dir='ltr'>inquit,</span> <span class='ocrx_word' id='word_1_170' title='bbox 843 2200 898 2265; x_wconf 89' lang='lat' dir='ltr'>sed</span> <span class='ocrx_word' id='word_1_171' title='bbox 913 2201 1092 2284; x_wconf 87' lang='lat' dir='ltr'>sapientem</span> 
     </span>
     <span class='ocr_line' id='line_1_23' title="bbox 81 2286 1092 2373; baseline -0.001 -21"><span class='ocrx_word' id='word_1_172' title='bbox 81 2288 152 2353; x_wconf 90' lang='lat' dir='ltr'>dico</span> <span class='ocrx_word' id='word_1_173' title='bbox 178 2287 271 2351; x_wconf 89' lang='lat' dir='ltr'>scire.</span> <span class='ocrx_word' id='word_1_174' title='bbox 294 2323 338 2334; x_wconf 91' lang='lat'>-</span> <span class='ocrx_word' id='word_1_175' title='bbox 360 2286 503 2371; x_wconf 89' lang='lat' dir='ltr'>Optime!</span> <span class='ocrx_word' id='word_1_176' title='bbox 525 2309 640 2372; x_wconf 88' lang='lat' dir='ltr'>nempe</span> <span class='ocrx_word' id='word_1_177' title='bbox 662 2288 729 2353; x_wconf 91' lang='lat' dir='ltr'>ista</span> <span class='ocrx_word' id='word_1_178' title='bbox 751 2289 841 2373; x_wconf 89' lang='lat' dir='ltr'>scire,</span> <span class='ocrx_word' id='word_1_179' title='bbox 865 2309 946 2373; x_wconf 88' lang='lat' dir='ltr'>quae</span> <span class='ocrx_word' id='word_1_180' title='bbox 965 2288 1092 2354; x_wconf 90' lang='lat' dir='ltr'>suntin</span> 
     </span>
     <span class='ocr_line' id='line_1_24' title="bbox 81 2374 1092 2461; baseline -0.002 -19"><span class='ocrx_word' id='word_1_181' title='bbox 81 2380 136 2442; x_wconf 85' lang='lat' dir='ltr'>tua</span> <span class='ocrx_word' id='word_1_182' title='bbox 160 2374 343 2458; x_wconf 89' lang='lat' dir='ltr'>disciplina.</span> <span class='ocrx_word' id='word_1_183' title='bbox 375 2374 447 2440; x_wconf 92' lang='lat' dir='ltr'>Hoc</span> <span class='ocrx_word' id='word_1_184' title='bbox 468 2377 609 2460; x_wconf 88' lang='lat' dir='ltr'>primum</span> <span class='ocrx_word' id='word_1_185' title='bbox 632 2377 725 2460; x_wconf 90' lang='lat' dir='ltr'>quale</span> <span class='ocrx_word' id='word_1_186' title='bbox 744 2382 803 2461; x_wconf 89' lang='lat' dir='ltr'>cst,</span> <span class='ocrx_word' id='word_1_187' title='bbox 827 2398 929 2441; x_wconf 88' lang='lat' dir='ltr'>anon</span> <span class='ocrx_word' id='word_1_188' title='bbox 948 2376 1092 2460; x_wconf 86' lang='lat' dir='ltr'>sapiente</span> 
     </span>
     <span class='ocr_line' id='line_1_25' title="bbox 51 2462 1092 2548; baseline 0 -22"><span class='ocrx_word' id='word_1_189' title='bbox 51 2485 72 2526; x_wconf 81' lang='lat' dir='ltr'>a</span> <span class='ocrx_word' id='word_1_190' title='bbox 82 2463 240 2548; x_wconf 84' lang='lat' dir='ltr'>explicari</span> <span class='ocrx_word' id='word_1_191' title='bbox 255 2463 471 2546; x_wconf 76' lang='lat' dir='ltr'>sapientiam?</span> <span class='ocrx_word' id='word_1_192' title='bbox 504 2462 565 2529; x_wconf 82' lang='lat' dir='ltr'>Sed</span> <span class='ocrx_word' id='word_1_193' title='bbox 580 2464 780 2530; x_wconf 87' lang='lat' dir='ltr'>discedamus</span> <span class='ocrx_word' id='word_1_194' title='bbox 795 2487 815 2528; x_wconf 92' lang='lat' dir='ltr'>a</span> <span class='ocrx_word' id='word_1_195' title='bbox 827 2464 989 2529; x_wconf 90' lang='lat' dir='ltr'>nobismet</span> <span class='ocrx_word' id='word_1_196' title='bbox 1002 2464 1092 2547; x_wconf 91' lang='lat' dir='ltr'>ipsis,</span> 
     </span>
     <span class='ocr_line' id='line_1_26' title="bbox 82 2551 1093 2638; baseline -0.003 -20"><span class='ocrx_word' id='word_1_197' title='bbox 82 2553 118 2618; x_wconf 91' lang='lat' dir='ltr'>de</span> <span class='ocrx_word' id='word_1_198' title='bbox 133 2551 286 2635; x_wconf 88' lang='lat' dir='ltr'>sapiente</span> <span class='ocrx_word' id='word_1_199' title='bbox 308 2551 487 2636; x_wconf 88' lang='lat' dir='ltr'>loquamur,</span> <span class='ocrx_word' id='word_1_200' title='bbox 510 2552 548 2616; x_wconf 92' lang='lat' dir='ltr'>de</span> <span class='ocrx_word' id='word_1_201' title='bbox 572 2574 645 2638; x_wconf 90' lang='lat' dir='ltr'>quo,</span> <span class='ocrx_word' id='word_1_202' title='bbox 667 2556 705 2620; x_wconf 89' lang='lat' dir='ltr'>ut</span> <span class='ocrx_word' id='word_1_203' title='bbox 722 2574 821 2636; x_wconf 72' lang='lat' dir='ltr'>saepe,</span> <span class='ocrx_word' id='word_1_204' title='bbox 841 2552 906 2616; x_wconf 89' lang='lat' dir='ltr'>iam</span> <span class='ocrx_word' id='word_1_205' title='bbox 930 2552 1004 2635; x_wconf 84' lang='lat' dir='ltr'>dixi,</span> <span class='ocrx_word' id='word_1_206' title='bbox 1026 2573 1093 2616; x_wconf 90' lang='lat' dir='ltr'>om·</span> 
     </span>
     <span class='ocr_line' id='line_1_27' title="bbox 80 2640 492 2725; baseline -0.002 -19"><span class='ocrx_word' id='word_1_207' title='bbox 80 2642 131 2706; x_wconf 88' lang='lat' dir='ltr'>nis</span> <span class='ocrx_word' id='word_1_208' title='bbox 155 2640 240 2705; x_wconf 89' lang='lat' dir='ltr'>haec</span> <span class='ocrx_word' id='word_1_209' title='bbox 263 2640 411 2725; x_wconf 83' lang='lat' dir='ltr'>quaestio</span> <span class='ocrx_word' id='word_1_210' title='bbox 434 2643 492 2705; x_wconf 88' lang='lat' dir='ltr'>est.</span> 
     </span>
     <span class='ocr_line' id='line_1_28' title="bbox 144 2727 1146 2814; baseline -0.001 -21"><span class='ocrx_word' id='word_1_211' title='bbox 144 2727 188 2793; x_wconf 92' lang='lat' dir='ltr'>In</span> <span class='ocrx_word' id='word_1_212' title='bbox 219 2730 287 2792; x_wconf 92' lang='lat' dir='ltr'>tres</span> <span class='ocrx_word' id='word_1_213' title='bbox 323 2728 426 2812; x_wconf 80' lang='lat' dir='ltr'>igitur</span> <span class='ocrx_word' id='word_1_214' title='bbox 454 2731 563 2812; x_wconf 89' lang='lat' dir='ltr'>partes</span> <span class='ocrx_word' id='word_1_215' title='bbox 595 2733 629 2794; x_wconf 93' lang='lat' dir='ltr'>et</span> <span class='ocrx_word' id='word_1_216' title='bbox 659 2752 678 2794; x_wconf 89' lang='lat' dir='ltr'>a</span> <span class='ocrx_word' id='word_1_217' title='bbox 709 2729 870 2814; x_wconf 87' lang='lat' dir='ltr'>plerisque</span> <span class='ocrx_word' id='word_1_218' title='bbox 901 2731 934 2792; x_wconf 89' lang='lat' dir='ltr'>et</span> <span class='ocrx_word' id='word_1_219' title='bbox 966 2750 985 2793; x_wconf 92' lang='lat' dir='ltr'>a</span> <span class='ocrx_word' id='word_1_220' title='bbox 1016 2749 1070 2792; x_wconf 91' lang='lat' dir='ltr'>vo·</span> <span class='ocrx_word' id='word_1_221' title='bbox 1094 2753 1146 2802; x_wconf 77' lang='lat'>116</span> 
     </span>
     <span class='ocr_line' id='line_1_29' title="bbox 81 2815 1092 2902; baseline 0.001 -22"><span class='ocrx_word' id='word_1_222' title='bbox 81 2816 204 2882; x_wconf 88' lang='lat' dir='ltr'>bismct</span> <span class='ocrx_word' id='word_1_223' title='bbox 235 2815 316 2900; x_wconf 89' lang='lat' dir='ltr'>ipsis</span> <span class='ocrx_word' id='word_1_224' title='bbox 344 2816 518 2881; x_wconf 85' lang='lat' dir='ltr'>distributa</span> <span class='ocrx_word' id='word_1_225' title='bbox 545 2818 706 2902; x_wconf 89' lang='lat' dir='ltr'>sapientia</span> <span class='ocrx_word' id='word_1_226' title='bbox 729 2822 787 2882; x_wconf 89' lang='lat' dir='ltr'>est.</span> <span class='ocrx_word' id='word_1_227' title='bbox 831 2817 976 2881; x_wconf 89' lang='lat' dir='ltr'>Primum</span> <span class='ocrx_word' id='word_1_228' title='bbox 1006 2837 1092 2901; x_wconf 82' lang='lat' dir='ltr'>ergo,</span> 
     </span>
     <span class='ocr_line' id='line_1_30' title="bbox 52 2904 1093 2991; baseline 0.001 -23"><span class='ocrx_word' id='word_1_229' title='bbox 52 2905 108 2969; x_wconf 81' lang='lat' dir='ltr'>asi</span> <span class='ocrx_word' id='word_1_230' title='bbox 130 2904 257 2989; x_wconf 89' lang='lat' dir='ltr'>placet,</span> <span class='ocrx_word' id='word_1_231' title='bbox 284 2925 366 2988; x_wconf 87' lang='lat' dir='ltr'>quae</span> <span class='ocrx_word' id='word_1_232' title='bbox 393 2905 432 2969; x_wconf 90' lang='lat' dir='ltr'>de</span> <span class='ocrx_word' id='word_1_233' title='bbox 458 2909 575 2970; x_wconf 88' lang='lat' dir='ltr'>natura</span> <span class='ocrx_word' id='word_1_234' title='bbox 596 2928 704 2971; x_wconf 87' lang='lat' dir='ltr'>rerum</span> <span class='ocrx_word' id='word_1_235' title='bbox 728 2906 794 2972; x_wconf 90' lang='lat' dir='ltr'>sint</span> <span class='ocrx_word' id='word_1_236' title='bbox 821 2907 979 2991; x_wconf 85' lang='lat' dir='ltr'>quaesita,</span> <span class='ocrx_word' id='word_1_237' title='bbox 1007 2905 1093 2975; x_wconf 78' lang='lat' dir='ltr'>vide·</span> 
     </span>
     <span class='ocr_line' id='line_1_31' title="bbox 82 2992 1094 3080; baseline 0.002 -22"><span class='ocrx_word' id='word_1_238' title='bbox 82 3013 189 3078; x_wconf 82' lang='lat' dir='ltr'>amus3</span> <span class='ocrx_word' id='word_1_239' title='bbox 222 3013 334 3057; x_wconf 87' lang='lat' dir='ltr'>verum</span> <span class='ocrx_word' id='word_1_240' title='bbox 357 2992 438 3057; x_wconf 91' lang='lat' dir='ltr'>illud</span> <span class='ocrx_word' id='word_1_241' title='bbox 461 2996 549 3058; x_wconf 90' lang='lat' dir='ltr'>ante:</span> <span class='ocrx_word' id='word_1_242' title='bbox 594 2994 696 3059; x_wconf 83' lang='lat' dir='ltr'>Estne</span> <span class='ocrx_word' id='word_1_243' title='bbox 724 2995 895 3080; x_wconf 90' lang='lat' dir='ltr'>quisquam</span> <span class='ocrx_word' id='word_1_244' title='bbox 922 2998 1014 3060; x_wconf 87' lang='lat' dir='ltr'>tanto</span> <span class='ocrx_word' id='word_1_245' title='bbox 1044 2994 1094 3060; x_wconf 92' lang='lat' dir='ltr'>in-</span> 
     </span>
     <span class='ocr_line' id='line_1_32' title="bbox 82 3080 1095 3167; baseline 0.002 -23"><span class='ocrx_word' id='word_1_246' title='bbox 82 3080 180 3146; x_wconf 85' lang='lat' dir='ltr'>flatus</span> <span class='ocrx_word' id='word_1_247' title='bbox 205 3101 327 3164; x_wconf 90' lang='lat' dir='ltr'>errore,</span> <span class='ocrx_word' id='word_1_248' title='bbox 355 3083 393 3144; x_wconf 92' lang='lat' dir='ltr'>ut</span> <span class='ocrx_word' id='word_1_249' title='bbox 416 3081 479 3146; x_wconf 90' lang='lat' dir='ltr'>sibi</span> <span class='ocrx_word' id='word_1_250' title='bbox 503 3103 536 3147; x_wconf 91' lang='lat' dir='ltr'>se</span> <span class='ocrx_word' id='word_1_251' title='bbox 564 3082 622 3148; x_wconf 89' lang='lat' dir='ltr'>illa</span> <span class='ocrx_word' id='word_1_252' title='bbox 645 3083 727 3148; x_wconf 90' lang='lat' dir='ltr'>scire</span> <span class='ocrx_word' id='word_1_253' title='bbox 755 3083 973 3167; x_wconf 88' lang='lat' dir='ltr'>persuaserit?</span> <span class='ocrx_word' id='word_1_254' title='bbox 1018 3081 1095 3147; x_wconf 91' lang='lat' dir='ltr'>Non</span> 
     </span>
     <span class='ocr_line' id='line_1_33' title="bbox 82 3168 1147 3256; baseline 0 -23"><span class='ocrx_word' id='word_1_255' title='bbox 82 3190 203 3252; x_wconf 88' lang='lat' dir='ltr'>quaero</span> <span class='ocrx_word' id='word_1_256' title='bbox 226 3168 370 3233; x_wconf 89' lang='lat' dir='ltr'>rationes</span> <span class='ocrx_word' id='word_1_257' title='bbox 391 3191 455 3254; x_wconf 90' lang='lat' dir='ltr'>eas,</span> <span class='ocrx_word' id='word_1_258' title='bbox 478 3192 558 3255; x_wconf 88' lang='lat' dir='ltr'>quae</span> <span class='ocrx_word' id='word_1_259' title='bbox 576 3191 615 3235; x_wconf 87' lang='lat' dir='ltr'>ex</span> <span class='ocrx_word' id='word_1_260' title='bbox 633 3172 819 3237; x_wconf 89' lang='lat' dir='ltr'>coniectura</span> <span class='ocrx_word' id='word_1_261' title='bbox 841 3172 990 3256; x_wconf 90' lang='lat' dir='ltr'>pendent,</span> <span class='ocrx_word' id='word_1_262' title='bbox 1011 3191 1093 3255; x_wconf 90' lang='lat' dir='ltr'>quae</span> <span class='ocrx_word' id='word_1_263' title='bbox 1140 3228 1147 3247; x_wconf 65' lang='grc'>,</span> 
     </span>
     <span class='ocr_line' id='line_1_34' title="bbox 82 3256 1095 3345; baseline 0 -25"><span class='ocrx_word' id='word_1_264' title='bbox 82 3256 360 3341; x_wconf 87' lang='lat' dir='ltr'>disputationibus</span> <span class='ocrx_word' id='word_1_265' title='bbox 373 3257 436 3322; x_wconf 90' lang='lat' dir='ltr'>huc</span> <span class='ocrx_word' id='word_1_266' title='bbox 450 3262 483 3322; x_wconf 93' lang='lat' dir='ltr'>et</span> <span class='ocrx_word' id='word_1_267' title='bbox 501 3258 579 3324; x_wconf 89' lang='lat' dir='ltr'>illuc</span> <span class='ocrx_word' id='word_1_268' title='bbox 597 3259 779 3345; x_wconf 83' lang='lat' dir='ltr'>trahuntur,</span> <span class='ocrx_word' id='word_1_269' title='bbox 801 3261 924 3325; x_wconf 90' lang='lat' dir='ltr'>nullam</span> <span class='ocrx_word' id='word_1_270' title='bbox 940 3258 1095 3323; x_wconf 91' lang='lat' dir='ltr'>adhibent</span> 
     </span>
     <span class='ocr_line' id='line_1_35' title="bbox 53 3344 1094 3432; baseline 0 -25"><span class='ocrx_word' id='word_1_271' title='bbox 53 3344 298 3429; x_wconf 80' lang='lat' dir='ltr'>spersuadendi</span> <span class='ocrx_word' id='word_1_272' title='bbox 319 3345 564 3432; x_wconf 73' lang='lat' dir='ltr'>necessitatem,</span> <span class='ocrx_word' id='word_1_273' title='bbox 597 3352 780 3432; x_wconf 83' lang='lat' dir='ltr'>geometrae</span> <span class='ocrx_word' id='word_1_274' title='bbox 809 3347 1015 3431; x_wconf 89' lang='lat' dir='ltr'>provideant,</span> <span class='ocrx_word' id='word_1_275' title='bbox 1038 3345 1094 3428; x_wconf 91' lang='lat' dir='ltr'>qui</span> 
     </span>
     <span class='ocr_line' id='line_1_36' title="bbox 82 3433 1094 3520; baseline 0 -24"><span class='ocrx_word' id='word_1_276' title='bbox 82 3453 115 3497; x_wconf 90' lang='lat' dir='ltr'>se</span> <span class='ocrx_word' id='word_1_277' title='bbox 137 3433 336 3517; x_wconf 88' lang='lat' dir='ltr'>profitentur</span> <span class='ocrx_word' id='word_1_278' title='bbox 357 3455 425 3499; x_wconf 93' lang='lat' dir='ltr'>non</span> <span class='ocrx_word' id='word_1_279' title='bbox 447 3435 650 3520; x_wconf 85' lang='lat' dir='ltr'>persuadere,</span> <span class='ocrx_word' id='word_1_280' title='bbox 673 3437 728 3501; x_wconf 89' lang='lat' dir='ltr'>sed</span> <span class='ocrx_word' id='word_1_281' title='bbox 751 3455 875 3519; x_wconf 84' lang='lat' dir='ltr'>cogere,</span> <span class='ocrx_word' id='word_1_282' title='bbox 898 3437 931 3498; x_wconf 92' lang='lat' dir='ltr'>et</span> <span class='ocrx_word' id='word_1_283' title='bbox 953 3433 1008 3516; x_wconf 93' lang='lat' dir='ltr'>qui</span> <span class='ocrx_word' id='word_1_284' title='bbox 1027 3454 1094 3497; x_wconf 84' lang='lat' dir='ltr'>onr-</span> 
     </span>
     <span class='ocr_line' id='line_1_37' title="bbox 81 3519 1114 3614; baseline 0 -30"><span class='ocrx_word' id='word_1_285' title='bbox 81 3519 135 3586; x_wconf 86' lang='lat' dir='ltr'>nia</span> <span class='ocrx_word' id='word_1_286' title='bbox 155 3521 266 3604; x_wconf 80' lang='lat' dir='ltr'>robis,</span> <span class='ocrx_word' id='word_1_287' title='bbox 290 3543 371 3604; x_wconf 85' lang='lat' dir='ltr'>quac</span> <span class='ocrx_word' id='word_1_288' title='bbox 391 3522 585 3612; x_wconf 86' lang='lat' dir='ltr'>describunt,</span> <span class='ocrx_word' id='word_1_289' title='bbox 614 3525 771 3614; x_wconf 86' lang='lat' dir='ltr'>probant.</span> <span class='ocrx_word' id='word_1_290' title='bbox 812 3521 896 3592; x_wconf 69' lang='lat' dir='ltr'>Nou</span> <span class='ocrx_word' id='word_1_291' title='bbox 923 3543 1045 3611; x_wconf 81' lang='lat' dir='ltr'>quaero</span> <span class='ocrx_word' id='word_1_292' title='bbox 1066 3541 1114 3584; x_wconf 71' lang='lat' dir='ltr'>ex</span> 
     </span>
    </p>
   </div>
   <div class='ocr_carea' id='block_1_4' title="bbox 0 0 1181 3876">
    <p class='ocr_par' dir='ltr' id='par_1_4' title="bbox 0 0 1181 3876">
     <span class='ocr_line' id='line_1_38' title="bbox 0 0 1181 3876; baseline 0 0"><span class='ocrx_word' id='word_1_293' title='bbox 0 0 1181 3876; x_wconf 95' lang='lat' dir='ltr'> </span> 
     </span>
    </p>
   </div>
  </div>
 </body>
</html>
