2346 3876
278 175 345 228 111.
364 174 412 229 IV.
441 173 516 229 CAP.
536 180 658 230 14-11.
687 179 702 239 s
723 181 843 228 11-11.
998 172 1062 234 421

53 337 90 401 in
114 357 224 401 amore
246 335 342 401 foeda
365 357 480 418 perse
504 339 561 400 est.
605 333 691 400 Nam
714 337 751 398 ut
773 335 830 398 illa
853 338 1063 418 praeteream,
1083 344 1115 392 76

55 445 140 509 quae
168 427 242 488 sunt
268 423 402 506 furoris,
429 423 508 488 haec
536 424 606 506 ipsa
632 446 691 507 per
718 444 788 486 sese
819 445 915 506 quam
943 423 1064 497 habent

54 512 236 595 levitatem,
259 533 341 595 quac
364 512 512 594 videntur
536 533 604 575 esse
628 511 815 594 mediocria,

638 624 823 709 Iniuriae,

31 740 43 781 1
102 711 984 796 Susp1ciones,1n1m1mt1aemdu1ae,

100 801 265 884 Bellum,
288 823 361 884 pax
383 802 547 865 rursum!
583 798 713 865 Ince'rt
699 803 737 864 ta
764 802 857 864 haec
882 801 1064 883 11111116-

852 888 974 951 stules

99 977 267 1040 Ratione
291 980 398 1040 certa
420 977 561 1060 facere,
583 975 708 1041 nihilo
731 976 819 1059 plus
844 997 949 1060 agas,

100 1063 219 1139 Quam
238 1062 274 1127 si
290 1064 354 1128 des
374 1086 539 1148 operam,
558 1066 599 1128 ut
614 1069 695 1128 cum
709 1065 860 1129 ratione
879 1064 1063 1128 insanias

57 1187 146 1252 Haec
161 1186 379 1251 inconstantia
393 1187 659 1271 mutabilitasque
673 1188 790 1252 mentis
805 1209 899 1271 quem
913 1210 979 1252 non
992 1188 1065 1271 ipsa

13 1303 46 1340 1⁰
57 1275 218 1360 pravitate
247 1275 428 1339 deterreat?
474 1274 537 1339 Est
563 1276 662 1339 etiam
691 1276 783 1359 illud,
810 1276 897 1359 quod
920 1275 954 1339 in
977 1277 1064 1341 omni

57 1362 300 1448 perturbatione
334 1362 463 1445 dicitur,
502 1363 800 1446 demonstrandum,
835 1364 959 1427 nullam
995 1385 1064 1428 esse
1155 1391 1157 1395 ’

58 1453 120 1516 nisi
149 1450 360 1534 opinabilem,
387 1451 452 1514 nisi
480 1451 598 1515 iudicio
632 1454 826 1533 susceptam,
857 1451 922 1515 nisi
951 1451 1063 1515 volun-

57 1541 182 1604 tariam.
232 1537 363 1602 Etenim
392 1539 419 1602 si
441 1539 597 1602 naturalis
621 1560 712 1602 amor
736 1541 831 1619 esset,
860 1541 892 1603 et
919 1543 1090 1602 amarent·

58 1650 169 1693 omnes
203 1629 235 1690 et
267 1648 393 1710 semper
420 1630 565 1690 amarent
598 1630 630 1691 et
656 1626 741 1690 idem
771 1629 929 1708 amarent,
960 1647 1063 1708 neque

25 1740 46 1780 15
58 1716 157 1781 alium
175 1715 287 1798 pudor,
307 1715 406 1778 alium
425 1716 534 1798 cogita
534 1715 591 1797 tio,
534 1714 711 1779 talium
728 1718 779 1778 sat
765 1714 861 1778 tietas
880 1676 1063 1778 deterreret.

121 1803 177 1867 Ira
199 1824 289 1885 vere,
312 1824 393 1903 quae
416 1823 513 1884 quam
536 1802 590 1866 diu
608 1807 680 1884 pert
666 1803 777 1866 turbat
795 1803 951 1885 animum,
975 1802 1063 1865 dubi·
1074 1787 1115 1851 36

57 1891 251 1957 tationem
241 1891 387 1954 msaniae
419 1911 486 1954 non
517 1890 631 1973 habet,
667 1890 755 1954 cuius
793 1889 923 1974 inpulsu
955 1865 1115 1994 1111111177

58 1981 155 2044 etiam
178 1979 263 2042 inter
284 1978 401 2042 fratres
424 1978 522 2042 tale
513 1941 669 2063 iurgiuin:

100 2104 141 2168 A.
171 2099 261 2177 Quis
275 2102 385 2166 homo
404 2106 441 2166 te
457 2102 704 2185 exsuperavit
717 2123 874 2185 usquam
892 2101 1063 2184 gentium

570 2260 573 2263 ,
724 2190 975 2273 inpudentia?

23 2301 46 2342 11
99 2286 145 2343 Μ.
169 2278 260 2353 Quis
284 2280 409 2342 autem
432 2277 586 2341 malitia
609 2278 669 2342 te?

56 2403 156 2480 nosti,
185 2423 266 2484 quae
294 2403 484 2484 sequuntur3
513 2400 647 2463 alternis
675 2400 761 2463 enim
787 2399 933 2464 versibus
963 2400 1064 2464 intor-

57 2495 195 2576 quentur
212 2489 298 2553 inter
315 2489 431 2553 fratres
451 2486 663 2573 gravissimae
677 2487 898 2565 contumeliae,
916 2489 954 2551 ut
968 2486 1064 2550 facile

57 2580 212 2664 appareat
234 2577 327 2641 Atrei
349 2576 433 2641 fflios
458 2597 540 2660 esse,
564 2576 630 2640 eius
655 2576 709 2659 qui
732 2575 906 2638 meditatur
927 2595 1063 2657 poenam

56 2668 91 2731 in
112 2667 248 2730 fratrem
271 2687 404 2730 novam:
440 2704 442 2708 -

22 2802 44 2843 a
100 2776 1065 2861 Maiormihimoles,maiusmiscendumstmalum,

101 2868 171 2944 Qui
203 2865 313 2931 illius
346 2867 523 2930 acerbum
557 2868 619 2930 cor
651 2865 881 2930 contundam
909 2867 946 2927 et
976 2866 1062 2928 con·

804 2974 973 3035 primam.

57 3081 127 3157 Quo
151 3079 252 3163 igitur
274 3079 354 3142 haec
378 3077 518 3161 erumpit
540 3076 662 3142 moles?
684 3075 770 3139 Audi
794 3074 984 3158 Thyestem:

100 3189 214 3286 lpsus
228 3202 409 3267 hortatur
423 3222 478 3264 me
498 3201 633 3284 frater,
651 3201 693 3262 111
706 3219 808 3262 meos
823 3195 934 3260 malis
949 3197 1064 3261 miser

99 3291 319 3356 Mandarem
341 3292 408 3352 nat
414 3291 482 3353 61

19 3417 178 3482 qurum
196 3417 321 3478 viscera
339 3412 481 3495 apponit.
519 3337 601 3486 Quid
625 3413 674 3474 est
695 3409 794 3491 enim,
818 3428 880 3491 quo
904 3429 970 3472 non
992 3320 1124 3609 11111

54 3504 182 3590 grediat
183 3525 221 3566 ur
240 3501 381 3566 eodem
372 3521 433 3584 rra,
451 3520 513 3582 quo
531 3499 642 3562 furor‘
678 3496 791 3580 laque
810 3495 911 3559 iratos
931 3510 1064 3578 proprie
