2346 3876
367 177 637 233 1111111111.
935 177 1003 245 211,

70 335 213 391 Praefatus
228 337 263 391 de
277 337 406 391 instituto
420 336 616 406 philosophiae
633 335 755 391 Graecae
773 336 881 390 Latinis
899 337 1002 391 litteris

20 391 192 474 lustrandas,
220 410 265 475 ut,
292 407 323 461 in
349 424 405 475 quo
431 424 487 477 uno
515 423 618 476 genere
645 424 663 461 a
686 406 798 461 Graecis
826 407 1003 462 vincerentur

20 463 125 544 tomam,
153 477 184 530 id
213 478 250 532 ad
276 478 327 533 hos
350 493 461 545 quoque
483 477 693 545 transferretur,
718 494 778 546 cap.
804 484 894 545 1-1,
919 477 1003 546 ponit

20 535 41 597 11.
60 544 150 602 Cicero
175 547 219 616 id,
244 549 278 602 de
302 565 357 616 quo
380 550 441 612 tota
463 550 507 610 aa
517 547 626 617 primi·
634 547 701 601 libri
719 548 885 617 disputatio,
912 547 1001 602 sitne

20 617 114 694 nalum
133 635 236 685 mors,
257 618 332 686 quod
347 617 478 689 deinceps
492 617 617 686 studiose
630 618 742 673 refellit.
770 617 895 672 Primum
909 620 1001 672 osten-

20 681 44 737 lrt
56 691 173 742 mortem
191 705 248 743 non
265 704 348 758 posse
367 685 473 762 malum
486 687 695 756 assernertuis,
714 689 791 757 quod
809 690 839 742 et
854 689 927 742 falsa
946 689 1002 742 sint

20 758 98 826 imma,
118 775 192 827 quae
212 760 247 813 de
265 759 361 814 inferis
376 757 743 829 apudpodtasQnarrentur,
762 761 803 826 et,
822 759 846 812 si
862 777 1000 826 nusquam

20 825 52 881 int
72 829 189 896 mortui,
213 828 246 896 ii,
269 830 345 897 quod
367 829 439 882 nihil
462 821 596 897 sentiant,
619 846 676 884 non
697 829 806 900 possint
828 846 888 884 esse
906 829 1000 883 miseri

20 914 64 968 rap.
88 903 187 969 5-1).
228 899 335 954 Deinde
358 900 500 954 morituris
522 902 642 955 mortem
664 916 721 955 non
744 916 804 955 esse
825 901 931 955 malum
954 900 1001 954 de-

20 973 149 1025 ronstrare
168 970 286 1039 suscipit
304 972 374 1040 (oap.
390 974 424 1039 8).
462 970 538 1025 Mors
556 969 624 1038 quid
642 971 690 1039 sit,
708 988 765 1026 non
784 973 909 1026 constare
928 970 1002 1024 inter

20 1040 193 1110 hilosophos,
218 1042 265 1109 qui
288 1042 323 1095 de
347 1041 432 1094 animi
454 1043 555 1095 natura
582 1042 665 1096 valde
689 1041 854 1097 dissentiant
876 1044 949 1111 (cap.
975 1048 1001 1110 9,

20 1114 52 1179 1),
71 1128 127 1181 qua
145 1129 202 1167 non
220 1111 335 1182 cognita
351 1128 387 1166 ne
403 1113 521 1166 mortem
537 1110 663 1180 quidem,
682 1113 773 1180 qualis
791 1113 842 1180 sit,
860 1128 942 1182 posse
960 1112 1001 1166 in·

20 1181 100 1252 ellegi.
144 1182 198 1248 Qui
221 1183 343 1236 animum
367 1183 540 1237 confundant
562 1200 626 1237 oum
649 1199 778 1252 corpore,
801 1183 836 1237 iis
858 1200 914 1238 una
938 1200 1002 1237 cum

20 1269 47 1306 oo
64 1253 147 1307 illum
161 1253 278 1308 interire
296 1252 400 1321 videri,
418 1253 540 1321 reliquos
555 1269 635 1322 spem
648 1253 870 1308 immortalitatis
884 1254 1002 1309 adferre.

21 1323 139 1392 uidquid
158 1324 206 1391 sit,
225 1326 345 1379 mortem
363 1340 420 1378 non
438 1340 499 1378 esse
517 1323 630 1378 malum.
667 1325 740 1378 Nam
758 1325 783 1378 si
801 1324 924 1380 intereat
942 1324 1002 1378 ani·

20 1412 66 1462 us,
84 1411 143 1449 non
161 1411 222 1448 esse
236 1394 381 1462 miserum
400 1394 444 1448 sin
458 1397 598 1463 superstes
615 1394 652 1448 sit
666 1395 789 1463 corpori,
808 1395 921 1449 beatum
940 1411 1002 1449 esse

21 1483 64 1534 ap.
94 1467 146 1532 11).
192 1465 438 1520 Immortalitatem
464 1468 559 1520 autern
586 1465 674 1519 animi
701 1465 859 1519 confirmari
880 1464 1002 1533 primum

20 1535 136 1589 immuni
160 1536 250 1590 omnis
273 1535 450 1604 antiquitatis
473 1535 642 1590 auctoritate
666 1534 1001 1605 (cap.12,18),deinde

20 1606 90 1661 stiva
109 1606 161 1660 illa
181 1606 304 1660 omnium
322 1607 466 1661 hominum
485 1623 552 1660 cura
569 1622 663 1661 rerum
680 1607 746 1675 post
757 1606 877 1658 mortem
895 1605 1002 1657 futura-

20 1695 54 1730 nn
72 1679 146 1745 (cap.
167 1682 201 1730 14
220 1681 286 1747 sq.)‚
309 1679 370 1730 tum
389 1693 525 1732 consensu
543 1676 689 1731 nationum
707 1675 831 1730 omnium
856 1677 928 1743 (cap.
949 1675 1001 1742 16),

20 1763 76 1802 rrro
96 1750 199 1801 natura
217 1747 373 1802 animorum
390 1748 437 1802 vel
455 1747 583 1815 animali,
602 1747 620 1801 i.
640 1763 663 1802 e.
682 1745 822 1815 spirahili,
845 1744 1002 1814 velignea,

20 1836 62 1886 ra,
92 1835 157 1871 cum
184 1834 301 1887 corpore
335 1818 516 1886 excesserint,
547 1819 662 1886 propter
693 1815 851 1886 agilitatem
884 1815 1002 1869 sublime

20 1891 122 1943 :rantur
142 1889 213 1958 (cap.
230 1891 282 1957 11),
301 1887 401 1943 divinis
415 1888 534 1956 denique
548 1888 644 1954 rebus,
663 1902 734 1955 quae
752 1886 890 1940 inanimo
908 1884 1003 1952 insint,

20 1975 67 2014 uae
86 1974 140 2013 nec
158 1974 176 2012 a
195 1974 311 2028 corpore
329 1959 397 2013 oriri
413 1975 465 2014 neo
483 1959 513 2013 in
530 1961 607 2012 terra
624 1960 708 2012 notae
727 1972 788 2012 esse
805 1956 915 2027 possint
930 1957 1002 2024 (cap.

20 2031 128 2099 1-27).
173 2029 254 2095 Quod
277 2031 371 2084 autem
393 2029 514 2098 primum
535 2030 684 2098 propterea
707 2027 821 2095 quidam
844 2027 967 2081 animum
986 2043 1003 2080 a

20 2115 113 2170 >upote
138 2099 290 2154 discretum
311 2101 427 2169 negent,
452 2099 540 2167 quod,
563 2098 612 2152 ubi
634 2098 671 2153 sit
694 2101 743 2152 aut
766 2097 857 2166 qualis
876 2098 925 2165 sit,
947 2113 1004 2150 non

20 2171 177 2240 itellegant,
195 2170 227 2224 id
241 2186 301 2225 esse
320 2170 395 2237 leve,
415 2170 491 2238 quod
508 2185 560 2223 neo
574 2169 670 2223 oculus
685 2186 714 2222 se
728 2168 825 2223 videat
839 2170 868 2222 et
885 2167 1003 2235 animus,

20 2257 167 2309 remquam
180 2257 237 2295 non
251 2257 331 2294 suam
349 2240 482 2307 formam,
500 2242 596 2294 tamen
614 2257 644 2294 sa
666 2239 812 2306 unitatem,
831 2238 1004 2305 memoriam,

20 2312 140 2380 rgenium
162 2328 243 2365 suum
265 2310 362 2365 videat
385 2314 456 2379 (cap.
481 2316 529 2378 28,
552 2312 604 2377 29).
677 2309 771 2376 einde,
800 2309 875 2375 quod
901 2311 1005 2377 negent

20 2381 120 2435 simum
143 2383 292 2436 vacantem
315 2397 431 2449 corpore
455 2397 515 2435 esse
537 2396 634 2449 posse,
657 2379 745 2447 quod,
774 2381 803 2433 et
830 2379 920 2445 qualis
944 2378 1004 2431 eius

20 2452 72 2506 ‚odi
91 2450 200 2506 animus
228 2451 266 2505 sit
287 2452 316 2505 et
339 2467 393 2519 quo
412 2451 496 2505 modo
514 2451 605 2520 possit
621 2464 723 2503 vacare
742 2463 870 2516 corpore,
889 2464 946 2501 non
963 2448 1004 2500 in-

20 2523 146 2592 allegant,
166 2539 200 2576 ne
215 2521 245 2575 in
259 2537 373 2591 corpore
389 2521 511 2590 quidem,
530 2519 621 2589 qualis
635 2519 679 2586 sit,
693 2517 831 2587 intellegi,
850 2517 1005 2570 difficilius·

20 2609 48 2647 1e
77 2608 138 2646 esse
166 2591 292 2662 cognitu,
322 2609 376 2659 quo
405 2592 490 2646 modo
517 2591 547 2645 in
569 2590 662 2644 alieno
686 2592 715 2644 et
736 2588 864 2642 diversae
887 2589 1004 2642 naturae

20 2678 114 2788 tlt?
131 2661 734 2802 11111111131111111
752 2658 1005 2797 utilitati,

20 2822 58 2857 nn
82 2805 107 2857 e*
123 2819 238 2872 corpore
261 2803 442 2871 excesserint,
471 2775 532 2856 sed’
547 2819 604 2856 non
630 2817 752 2869 semper,
777 2800 852 2868 quod
875 2799 942 2853 dent
966 2799 1005 2867 id,

20 2873 71 2929 rod
90 2873 289 2928 difficillimum
306 2873 336 2927 in
355 2890 439 2927 causa
458 2872 506 2940 sit,
525 2889 607 2942 posse
622 2871 746 2926 animum
762 2885 874 2923 manere
890 2885 1005 2939 corpore

20 2946 159 3010 arantem,
184 2945 289 2998 tollant
314 2945 357 3011 id,
381 2944 456 3011 quod
483 2943 568 2997 facile
597 2941 645 3009 sit,
673 2956 783 3010 semper
806 2956 869 2993 eum
892 2956 1006 2994 manere

20 3031 66 3085 ap.
97 3017 151 3083 82).
198 3016 296 3082 Neque
323 3013 452 3068 Panaetii
478 3013 617 3067 rationem
648 3011 790 3081 duplicem
817 3010 925 3078 valere,
958 3009 1007 3078 qui

20 3085 105 3140 simos
137 3085 271 3139 mortales
302 3084 389 3150 velit,
421 3083 542 3152 primum
575 3082 666 3150 quod,
699 3079 836 3150 quidquid
866 3083 1006 3146 nascatur,

20 3158 130 3221 111111,
159 3155 258 3210 deinde
287 3154 362 3223 quod
389 3153 497 3208 animus
521 3168 605 3222 saepe
629 3168 714 3221 aeger
739 3151 787 3218 sit;
814 3151 888 3218 quod
911 3153 1007 3204 autem

20 3243 112 3298 agrum
136 3241 196 3279 esse
219 3225 322 3306 possit,
345 3224 375 3278 id
398 3225 434 3305 ab
456 3223 573 3278 interitu
595 3239 652 3276 non
674 3239 733 3276 esse
761 3220 889 3303 liliorum.
933 3221 1007 3299 Nam
1088 3250 1091 3255 ·

20 3315 57 3351 un
82 3296 118 3350 de
141 3296 354 3350 immortahtate
379 3295 549 3362 drsputetur,
575 3292 608 3346 de
631 3294 725 3346 mente
748 3291 817 3357 dier,
839 3304 911 3357 quae
930 3304 1007 3343 omnr
1098 3324 1100 3329 -

20 3366 110 3422 ubido
132 3367 212 3420 motu
234 3367 330 3432 vacet,
352 3382 409 3419 non
428 3364 462 3418 de
480 3363 515 3418 iis
533 3362 674 3432 partibus,
698 3378 770 3430 quae
796 3358 932 3414 obnoxiae
951 3357 1007 3411 sint

20 3435 167 3508 egritudini
190 3438 262 3505 (cap.
287 3441 334 3500 32,
358 3437 411 3503 33).
454 3434 559 3500 Quodsi
581 3433 691 3488 animus
713 3431 846 3496 intereat,
871 3445 928 3508 non
946 3442 1006 3481 esse

20 3525 103 3575 men,
128 3523 214 3574 quare
237 3508 357 3560 mortem
378 3505 539 3572 timeamus,
560 3521 624 3559 oum
641 3504 757 3572 propter
777 3516 840 3554 eam
858 3500 1009 3564 rationem,
