2346 3876
84 172 235 229 TUSCUL.
250 171 440 230 DISPUTAT.
469 172 537 227 LIB
551 172 597 229 IV
621 173 704 229 ABG
731 174 847 232 CAP1.
875 181 964 241 §1—
971 183 996 232 3.
1028 175 1091 240 391

83 332 157 388 nihil
174 331 275 399 animi,
297 330 370 384 nihil
389 331 488 399 officii,
510 257 581 386 nihil
599 332 754 388 honestatis
772 335 845 402 (cap.
863 339 911 403 tt,
929 337 983 404 28).
1019 336 1094 390 Reli·

84 400 350 541 pppetdipgpmgps
324 418 414 539 (pipp
429 374 514 456 modo
533 405 666 470 quattuor
691 402 746 458 ista
764 418 867 473 genera
884 405 1011 460 tollenda
1030 406 1093 475 sint,

483 603 529 609 -
533 603 694 610 ...η’-...η-

151 685 234 752 Gum
252 686 344 752 mult'
320 689 364 752 trs
385 687 465 753 locis
483 690 671 752 nostrorum
692 688 890 752 hominum
880 690 1012 791 mgenia
1028 652 1130 776 uir-1l

82 779 248 858 tutasque,
278 773 392 858 Brute,
424 775 513 840 soleo
551 775 674 857 mirari,
710 779 780 840 tum
816 777 954 841 maxime
985 777 1019 842 in
1050 778 1092 843 iis

83 863 217 945 studiis,
248 883 329 946 quac
366 884 438 928 sero
470 863 643 928 admodum
674 864 853 947 expetita
843 887 879 929 m
904 865 989 931 hano
1018 867 1093 931 ιιιι·

82 954 187 1016 tutem
215 972 232 1014 e
261 949 394 1015 Graecia
425 951 669 1016 transtulerunt
718 949 804 1016 Nam
832 943 903 1017 cum
936 975 956 1018 a
986 955 1092 1037 primo

56 1039 175 1106 curbis
214 1041 266 1104 ort
266 1060 288 1104 u
322 1037 422 1122 regiis
457 1039 631 1117 institutis,
672 1040 790 1123 partim
826 1041 926 1105 etiam
965 1042 1092 1126 legibus

83 1125 242 1210 auspicia,
265 1126 493 1204 caerimoniae,
515 1089 660 1210 comitia,
682 1130 942 1214 provocationes,
962 1134 1093 1213 patrum

81 1214 269 1297 consilium,
297 1213 442 1297 equitum
479 1214 684 1300 peditumque
720 1216 903 1302 discriptio,
937 1222 1008 1283 tota
1041 1241 1093 1284 res

83 1301 238 1368 militaris
270 1301 424 1367 divinitus
457 1305 543 1367 esset
575 1304 763 1387 constituta,
801 1308 871 1369 tum
907 1308 1092 1391 progressio

83 1389 288 1456 admirabilis
310 1390 571 1474 incredibilisque
595 1412 706 1455 cursus
730 1355 771 1456 ad
790 1413 919 1458 omnem
937 1394 1092 1459 excellen-
1152 1454 1155 1465 ,

40 1479 166 1544 retiam
192 1477 299 1543 factus
327 1482 377 1544 est
404 1477 573 1543 dominatu
603 1479 694 1562 regio
720 1500 755 1543 re
785 1481 917 1562 publica
946 1481 1092 1548 liberata.

81 1565 154 1632 Neo
181 1587 257 1632 vero
284 1565 338 1631 hic
364 1565 533 1632 locust
483 1570 545 1650 est,
572 1570 609 1630 ut
635 1565 674 1631 de
699 1567 842 1631 moribus
870 1568 1092 1653 institutisque

81 1654 245 1722 maiorum
277 1657 310 1718 et
341 1653 514 1736 disciplina
546 1676 584 1720 ac
614 1655 847 1738 temperatione
874 1655 1017 1720 civitatis
1045 1657 1092 1721 lo-

83 1764 235 1827 quamum
262 1741 334 1806 aliis
363 1741 444 1807 baec
467 1743 547 1808 locis
571 1743 652 1807 satis
675 1747 823 1807 accurate
845 1764 865 1806 a
887 1743 981 1808 nobis
1005 1743 1092 1810 dicta

82 1834 162 1897 sunt
184 1829 386 1913 maximeque
407 1830 443 1895 in
464 1830 504 1894 iis
528 1851 583 1894 sex
605 1830 712 1913 libris,
739 1852 819 1913 quos
842 1832 880 1895 de
903 1832 1092 1914 republica

42 1944 69 1984 15
83 1917 285 2001 scripsimus.
319 1917 392 1983 Hoc
414 1921 523 1982 autem
545 1917 617 1982 loco
641 1917 858 1983 consideranti
880 1919 963 1984 mihi
985 1919 1092 1984 studia
1110 1939 1126 1988 ι

81 2005 251 2072 doctrinae
272 2005 376 2071 multa
399 2027 476 2071 sane
500 2011 688 2086 occurrunt,
708 2028 764 2071 cur
784 2028 824 2071 ea
846 2027 970 2091 quoque
989 2029 1091 2073 arces-

82 2095 153 2161 sita
173 2092 301 2159 aliunde
322 2115 426 2177 neque
446 2094 551 2159 solum
575 2095 732 2176 expetita,
758 2095 816 2161 sed
845 2096 943 2160 etiam
967 2117 1092 2161 conser-

81 2185 162 2248 vata
189 2186 223 2245 et
249 2181 336 2245 culta
367 2180 545 2252 videantur.
596 2181 679 2246 Erat
710 2183 797 2247 enim
829 2183 894 2247 illis
925 2204 1028 2266 paene
1057 2185 1092 2248 ιιι

81 2272 259 2352 conspectu
275 2357 282 2369 .
289 2269 469 2370 praestanti
501 2269 659 2369 sapientia
695 2273 729 2369 et
762 2271 936 2373 nobilitate
971 2271 1092 2372 Pytha·

42 2355 952 2527 ”efflaretplttlritibtfttf’tttttta
974 2359 1091 2511 tell?

80 2533 163 2598 tatis
193 2537 278 2597 tuae.
331 2532 538 2616 Pythagorae
571 2534 679 2597 autem
711 2531 859 2597 doctrina
890 2553 963 2597 cum
994 2534 1092 2616 longe

80 2623 212 2704 lateque
238 2619 364 2703 flueret,
398 2620 644 2772 permanavisse
670 2618 751 2684 mihi
782 2619 910 2684 videtur
941 2619 975 2683 in
1006 2619 1091 2686 hanc

81 2670 386 2791 civitatcm‚idq1ie
418 2730 492 2774 cum
519 2708 644 2772 conieci
645 2729 703 2772 ura
729 2707 898 2791 probabile
927 2710 990 2789 est,
1021 2710 1092 2771 tum

42 2823 68 2862 ιι
82 2757 275 2882 quibusdarir
302 2797 402 2861 etiam
428 2796 575 2879 vestigiis
597 2796 720 2861 indicat
705 2799 767 2861 t.nr
811 2794 890 2871 Quis
919 2757 1006 2860 eniiu
1033 2799 1092 2879 est,

81 2885 141 2970 qui
166 2887 272 2968 putet,
300 2905 372 2948 cum
399 2883 566 2948 floreret
555 2905 591 2949 ιιι
617 2882 716 2949 Italia
743 2881 878 2949 Graecia
903 2883 1091 3035 potentissmi-

81 2973 145 3037 mis
167 2976 203 3035 et
225 2971 374 3036 maximis
397 2971 544 3054 urbibus,
567 2993 605 3035 ea
628 2993 710 3055 quae
729 2991 848 3056 magna
870 2970 1025 3036 dictat
975 2976 1033 3054 est,

80 3061 187 3144 iisque
203 3060 344 3143 primum
362 3059 465 3143 ipsius
479 3021 697 3143 Pythagorae,
715 3059 828 3124 deinde
844 3062 960 3142 postea
971 2993 1091 3142 Pyiha-

81 3168 256 3234 goreorum
287 3150 414 3212 tantum
440 3168 559 3213 nomen
587 3150 685 3231 esset,
712 3169 775 3212 nos
773 3150 896 3211 trorum
923 3146 1089 3211 bominum

40 3261 68 3302 ιι
82 3237 125 3300 sd
157 3257 270 3302 corum
306 3235 509 3300 doctissimas
547 3257 641 3301 voces
675 3256 769 3300 aures
805 3234 931 3298 clausas
967 3233 1090 3298 fuisse?

82 3323 168 3401 Quin
196 3325 296 3390 etiam
323 3323 463 3388 arbitror
488 3327 621 3407 propter
647 3322 927 3407 Pythagoreorum
953 3321 1089 3386 admira
1108 3339 1125 3388 ι

76 3413 204 3478 tionem
222 3410 364 3477 Numam
383 3433 509 3496 quoque
528 3432 637 3496 regem
657 3410 900 3493 Pythagoreum
919 3430 938 3472 a
956 3408 1090 3492 posteri·

77 3500 192 3568 oribus
207 3500 438 3615 existimatum
468 3497 555 3564 Nam
573 3520 645 3565 cum
659 3497 865 3581 Pythagorae
884 3495 1091 3579 disciplinam
