<?xml version="1.0" encoding="UTF-8"?>
<!DOCTYPE html PUBLIC "-//W3C//DTD XHTML 1.0 Transitional//EN"
    "http://www.w3.org/TR/xhtml1/DTD/xhtml1-transitional.dtd">
<html xmlns="http://www.w3.org/1999/xhtml" xml:lang="en" lang="en">
 <head>
  <title>
</title>
<meta http-equiv="Content-Type" content="text/html;charset=utf-8" />
  <meta name='ocr-system' content='tesseract 3.04.00' />
  <meta name='ocr-capabilities' content='ocr_page ocr_carea ocr_par ocr_line ocrx_word'/>
</head>
<body>
  <div class='ocr_page' id='page_1' title='image "./mtulliiciceroni00mlgoog_0500.png"; bbox 0 0 2346 3876; ppageno 0'>
   <div class='ocr_carea' id='block_1_1' title="bbox 309 153 1084 223">
    <p class='ocr_par' dir='ltr' id='par_1_1' title="bbox 309 153 1084 223">
     <span class='ocr_line' id='line_1_1' title="bbox 309 153 1084 223; baseline 0.008 -11"><span class='ocrx_word' id='word_1_1' title='bbox 309 157 376 213; x_wconf 79' lang='lat' dir='ltr'>trs.</span> <span class='ocrx_word' id='word_1_2' title='bbox 395 157 429 215; x_wconf 87' lang='lat' dir='ltr'>v.</span> <span class='ocrx_word' id='word_1_3' title='bbox 457 157 534 215; x_wconf 80' lang='lat' dir='ltr'>cAP.</span> <span class='ocrx_word' id='word_1_4' title='bbox 553 162 675 212; x_wconf 77' lang='lat' dir='ltr'>re-rs.</span> <span class='ocrx_word' id='word_1_5' title='bbox 705 161 860 223; x_wconf 74' lang='lat' dir='ltr'>§ro-ro.</span> <span class='ocrx_word' id='word_1_6' title='bbox 1019 153 1084 218; x_wconf 83' lang='lat'>451</span> 
     </span>
    </p>
   </div>
   <div class='ocr_carea' id='block_1_2' title="bbox 35 315 1140 3295">
    <p class='ocr_par' dir='ltr' id='par_1_2' title="bbox 35 315 1140 3295">
     <span class='ocr_line' id='line_1_2' title="bbox 81 315 1087 401; baseline -0.001 -21"><span class='ocrx_word' id='word_1_7' title='bbox 81 317 175 381; x_wconf 90' lang='lat' dir='ltr'>dente</span> <span class='ocrx_word' id='word_1_8' title='bbox 218 319 308 401; x_wconf 91' lang='lat' dir='ltr'>dicit,</span> <span class='ocrx_word' id='word_1_9' title='bbox 345 319 470 383; x_wconf 91' lang='lat' dir='ltr'>nullum</span> <span class='ocrx_word' id='word_1_10' title='bbox 506 318 644 401; x_wconf 77' lang='lat' dir='ltr'><strong>sapienti</strong></span> <span class='ocrx_word' id='word_1_11' title='bbox 676 338 747 382; x_wconf 90' lang='lat' dir='ltr'>esse</span> <span class='ocrx_word' id='word_1_12' title='bbox 781 321 922 400; x_wconf 87' lang='lat' dir='ltr'>tempus,</span> <span class='ocrx_word' id='word_1_13' title='bbox 959 315 1087 381; x_wconf 87' lang='lat' dir='ltr'>etramei</span> 
     </span>
     <span class='ocr_line' id='line_1_3' title="bbox 81 403 1087 490; baseline 0 -22"><span class='ocrx_word' id='word_1_14' title='bbox 81 410 206 489; x_wconf 88' lang='lat' dir='ltr'>uratur,</span> <span class='ocrx_word' id='word_1_15' title='bbox 237 409 440 489; x_wconf 74' lang='lat' dir='ltr'>torqueatur,</span> <span class='ocrx_word' id='word_1_16' title='bbox 473 410 612 488; x_wconf 88' lang='lat' dir='ltr'>secetur,</span> <span class='ocrx_word' id='word_1_17' title='bbox 647 407 724 490; x_wconf 92' lang='lat' dir='ltr'>quin</span> <span class='ocrx_word' id='word_1_18' title='bbox 759 405 864 487; x_wconf 78' lang='lat' dir='ltr'>possit</span> <span class='ocrx_word' id='word_1_19' title='bbox 896 403 1087 468; x_wconf 88' lang='lat' dir='ltr'>exclamare:</span> 
     </span>
     <span class='ocr_line' id='line_1_4' title="bbox 82 491 1087 576; baseline -0.001 -20"><span class='ocrx_word' id='word_1_20' title='bbox 82 492 201 568; x_wconf 73' lang='lat' dir='ltr'>‘Quam</span> <span class='ocrx_word' id='word_1_21' title='bbox 220 494 398 576; x_wconf 92' lang='lat' dir='ltr'>pronihilo</span> <span class='ocrx_word' id='word_1_22' title='bbox 417 491 527 576; x_wconf 85' lang='lat' dir='ltr'>putol’</span> <span class='ocrx_word' id='word_1_23' title='bbox 551 514 623 559; x_wconf 88' lang='lat' dir='ltr'>cum</span> <span class='ocrx_word' id='word_1_24' title='bbox 643 493 835 575; x_wconf 87' lang='lat' dir='ltr'>praesertim</span> <span class='ocrx_word' id='word_1_25' title='bbox 854 513 947 557; x_wconf 89' lang='lat' dir='ltr'>omne</span> <span class='ocrx_word' id='word_1_26' title='bbox 966 491 1087 557; x_wconf 88' lang='lat' dir='ltr'>malum</span> 
     </span>
     <span class='ocr_line' id='line_1_5' title="bbox 82 577 1086 665; baseline -0.001 -22"><span class='ocrx_word' id='word_1_27' title='bbox 82 580 191 645; x_wconf 91' lang='lat' dir='ltr'>dolore</span> <span class='ocrx_word' id='word_1_28' title='bbox 224 581 368 665; x_wconf 89' lang='lat' dir='ltr'>definiat,</span> <span class='ocrx_word' id='word_1_29' title='bbox 407 582 527 645; x_wconf 89' lang='lat' dir='ltr'>bonum</span> <span class='ocrx_word' id='word_1_30' title='bbox 559 581 738 664; x_wconf 85' lang='lat' dir='ltr'>voluptate,</span> <span class='ocrx_word' id='word_1_31' title='bbox 771 580 851 646; x_wconf 89' lang='lat' dir='ltr'>haec</span> <span class='ocrx_word' id='word_1_32' title='bbox 882 583 995 644; x_wconf 90' lang='lat' dir='ltr'>nostra</span> <span class='ocrx_word' id='word_1_33' title='bbox 1030 577 1086 642; x_wconf 91' lang='lat' dir='ltr'>ho·</span> 
     </span>
     <span class='ocr_line' id='line_1_6' title="bbox 54 667 1087 752; baseline -0.003 -19"><span class='ocrx_word' id='word_1_34' title='bbox 54 671 188 751; x_wconf 80' lang='lat' dir='ltr'>enesta,</span> <span class='ocrx_word' id='word_1_35' title='bbox 215 669 323 751; x_wconf 87' lang='lat' dir='ltr'>turpia</span> <span class='ocrx_word' id='word_1_36' title='bbox 350 669 488 733; x_wconf 79' lang='lat' dir='ltr'>inrideat</span> <span class='ocrx_word' id='word_1_37' title='bbox 515 669 663 752; x_wconf 89' lang='lat' dir='ltr'>dicatque</span> <span class='ocrx_word' id='word_1_38' title='bbox 690 689 749 734; x_wconf 91' lang='lat' dir='ltr'>nos</span> <span class='ocrx_word' id='word_1_39' title='bbox 776 669 811 733; x_wconf 91' lang='lat' dir='ltr'>in</span> <span class='ocrx_word' id='word_1_40' title='bbox 837 667 969 734; x_wconf 85' lang='lat' dir='ltr'>vocibus</span> <span class='ocrx_word' id='word_1_41' title='bbox 995 686 1087 732; x_wconf 87' lang='lat' dir='ltr'>occu·</span> 
     </span>
     <span class='ocr_line' id='line_1_7' title="bbox 80 754 1087 839; baseline 0 -20"><span class='ocrx_word' id='word_1_42' title='bbox 80 760 176 838; x_wconf 88' lang='lat' dir='ltr'>patos</span> <span class='ocrx_word' id='word_1_43' title='bbox 204 756 309 820; x_wconf 90' lang='lat' dir='ltr'>inanis</span> <span class='ocrx_word' id='word_1_44' title='bbox 337 778 434 822; x_wconf 90' lang='lat' dir='ltr'>sonos</span> <span class='ocrx_word' id='word_1_45' title='bbox 461 756 606 839; x_wconf 84' lang='lat' dir='ltr'>fundere,</span> <span class='ocrx_word' id='word_1_46' title='bbox 633 777 736 839; x_wconf 91' lang='lat' dir='ltr'>neque</span> <span class='ocrx_word' id='word_1_47' title='bbox 763 757 936 839; x_wconf 90' lang='lat' dir='ltr'>quicquam</span> <span class='ocrx_word' id='word_1_48' title='bbox 963 754 1004 819; x_wconf 91' lang='lat' dir='ltr'>ad</span> <span class='ocrx_word' id='word_1_49' title='bbox 1027 775 1087 819; x_wconf 92' lang='lat' dir='ltr'>nos</span> 
     </span>
     <span class='ocr_line' id='line_1_8' title="bbox 80 841 1087 928; baseline 0 -22"><span class='ocrx_word' id='word_1_50' title='bbox 80 844 254 926; x_wconf 88' lang='lat' dir='ltr'>pertinere,</span> <span class='ocrx_word' id='word_1_51' title='bbox 275 844 340 908; x_wconf 89' lang='lat' dir='ltr'>nisi</span> <span class='ocrx_word' id='word_1_52' title='bbox 363 844 448 928; x_wconf 91' lang='lat' dir='ltr'>quod</span> <span class='ocrx_word' id='word_1_53' title='bbox 470 848 528 908; x_wconf 87' lang='lat' dir='ltr'>aut</span> <span class='ocrx_word' id='word_1_54' title='bbox 549 844 620 907; x_wconf 86' lang='lat' dir='ltr'>leve</span> <span class='ocrx_word' id='word_1_55' title='bbox 643 841 700 908; x_wconf 87' lang='lat' dir='ltr'>aut</span> <span class='ocrx_word' id='word_1_56' title='bbox 722 864 870 926; x_wconf 89' lang='lat' dir='ltr'>asperum</span> <span class='ocrx_word' id='word_1_57' title='bbox 896 843 932 906; x_wconf 92' lang='lat' dir='ltr'>in</span> <span class='ocrx_word' id='word_1_58' title='bbox 954 862 1087 925; x_wconf 89' lang='lat' dir='ltr'>corpore</span> 
     </span>
     <span class='ocr_line' id='line_1_9' title="bbox 82 929 1088 1015; baseline -0.002 -20"><span class='ocrx_word' id='word_1_59' title='bbox 82 931 252 995; x_wconf 88' lang='lat' dir='ltr'>sentiatur:</span> <span class='ocrx_word' id='word_1_60' title='bbox 279 931 354 996; x_wconf 90' lang='lat' dir='ltr'>huic</span> <span class='ocrx_word' id='word_1_61' title='bbox 381 951 481 1015; x_wconf 86' lang='lat' dir='ltr'>ergo,</span> <span class='ocrx_word' id='word_1_62' title='bbox 498 935 535 996; x_wconf 93' lang='lat' dir='ltr'>ut</span> <span class='ocrx_word' id='word_1_63' title='bbox 562 930 641 1012; x_wconf 83' lang='lat' dir='ltr'>dixi,</span> <span class='ocrx_word' id='word_1_64' title='bbox 667 952 734 996; x_wconf 92' lang='lat' dir='ltr'>non</span> <span class='ocrx_word' id='word_1_65' title='bbox 761 931 899 994; x_wconf 88' lang='lat' dir='ltr'>multum</span> <span class='ocrx_word' id='word_1_66' title='bbox 926 929 1088 994; x_wconf 85' lang='lat' dir='ltr'>differenti</span> 
     </span>
     <span class='ocr_line' id='line_1_10' title="bbox 82 1017 1088 1084; baseline 0.001 -3"><span class='ocrx_word' id='word_1_67' title='bbox 82 1039 101 1081; x_wconf 88' lang='lat' dir='ltr'>a</span> <span class='ocrx_word' id='word_1_68' title='bbox 128 1018 245 1082; x_wconf 89' lang='lat' dir='ltr'>iudicio</span> <span class='ocrx_word' id='word_1_69' title='bbox 273 1018 415 1082; x_wconf 83' lang='lat' dir='ltr'>ferarum</span> <span class='ocrx_word' id='word_1_70' title='bbox 443 1018 590 1084; x_wconf 86' lang='lat' dir='ltr'>oblivisci</span> <span class='ocrx_word' id='word_1_71' title='bbox 617 1018 727 1082; x_wconf 79' lang='lat' dir='ltr'>licebit</span> <span class='ocrx_word' id='word_1_72' title='bbox 754 1019 805 1082; x_wconf 88' lang='lat' dir='ltr'>sui</span> <span class='ocrx_word' id='word_1_73' title='bbox 832 1021 864 1082; x_wconf 90' lang='lat' dir='ltr'>et</span> <span class='ocrx_word' id='word_1_74' title='bbox 890 1021 960 1081; x_wconf 89' lang='lat' dir='ltr'>tum</span> <span class='ocrx_word' id='word_1_75' title='bbox 987 1017 1088 1082; x_wconf 89' lang='lat' dir='ltr'>fortu-</span> 
     </span>
     <span class='ocr_line' id='line_1_11' title="bbox 40 1105 1088 1188; baseline -0.003 -17"><span class='ocrx_word' id='word_1_76' title='bbox 40 1131 66 1173; x_wconf 81' lang='grc' dir='ltr'>ιο</span> <span class='ocrx_word' id='word_1_77' title='bbox 80 1127 158 1170; x_wconf 86' lang='lat' dir='ltr'>nam</span> <span class='ocrx_word' id='word_1_78' title='bbox 184 1109 401 1188; x_wconf 83' lang='lat' dir='ltr'>contemnere,</span> <span class='ocrx_word' id='word_1_79' title='bbox 433 1127 506 1170; x_wconf 91' lang='lat' dir='ltr'>cum</span> <span class='ocrx_word' id='word_1_80' title='bbox 538 1106 581 1170; x_wconf 91' lang='lat' dir='ltr'>sit</span> <span class='ocrx_word' id='word_1_81' title='bbox 612 1127 708 1171; x_wconf 91' lang='lat' dir='ltr'>omne</span> <span class='ocrx_word' id='word_1_82' title='bbox 740 1108 773 1170; x_wconf 93' lang='lat' dir='ltr'>et</span> <span class='ocrx_word' id='word_1_83' title='bbox 802 1105 937 1170; x_wconf 87' lang='lat' dir='ltr'>bonum</span> <span class='ocrx_word' id='word_1_84' title='bbox 957 1105 1025 1170; x_wconf 91' lang='lat' dir='ltr'>eius</span> <span class='ocrx_word' id='word_1_85' title='bbox 1054 1108 1088 1168; x_wconf 91' lang='lat' dir='ltr'>et</span> 
     </span>
     <span class='ocr_line' id='line_1_12' title="bbox 81 1192 1087 1277; baseline -0.001 -20"><span class='ocrx_word' id='word_1_86' title='bbox 81 1192 203 1257; x_wconf 87' lang='lat' dir='ltr'>malum</span> <span class='ocrx_word' id='word_1_87' title='bbox 229 1194 264 1257; x_wconf 94' lang='lat' dir='ltr'>in</span> <span class='ocrx_word' id='word_1_88' title='bbox 290 1196 451 1277; x_wconf 79' lang='lat' dir='ltr'>potestate</span> <span class='ocrx_word' id='word_1_89' title='bbox 477 1193 640 1276; x_wconf 79' lang='lat' dir='ltr'>fortunae,</span> <span class='ocrx_word' id='word_1_90' title='bbox 667 1196 736 1258; x_wconf 91' lang='lat' dir='ltr'>tum</span> <span class='ocrx_word' id='word_1_91' title='bbox 763 1192 867 1259; x_wconf 86' lang='lat' dir='ltr'>dicere</span> <span class='ocrx_word' id='word_1_92' title='bbox 895 1214 929 1257; x_wconf 90' lang='lat' dir='ltr'>se</span> <span class='ocrx_word' id='word_1_93' title='bbox 953 1193 1087 1258; x_wconf 88' lang='lat' dir='ltr'>beatum</span> 
     </span>
     <span class='ocr_line' id='line_1_13' title="bbox 80 1280 1088 1364; baseline -0.001 -19"><span class='ocrx_word' id='word_1_94' title='bbox 80 1281 115 1345; x_wconf 93' lang='lat' dir='ltr'>in</span> <span class='ocrx_word' id='word_1_95' title='bbox 138 1302 263 1345; x_wconf 89' lang='lat' dir='ltr'>summo</span> <span class='ocrx_word' id='word_1_96' title='bbox 287 1282 430 1363; x_wconf 84' lang='lat' dir='ltr'>cruciatu</span> <span class='ocrx_word' id='word_1_97' title='bbox 453 1285 548 1364; x_wconf 89' lang='lat' dir='ltr'>atque</span> <span class='ocrx_word' id='word_1_98' title='bbox 571 1282 755 1363; x_wconf 91' lang='lat' dir='ltr'>tormentis,</span> <span class='ocrx_word' id='word_1_99' title='bbox 784 1303 857 1346; x_wconf 92' lang='lat' dir='ltr'>cum</span> <span class='ocrx_word' id='word_1_100' title='bbox 882 1280 1088 1346; x_wconf 87' lang='lat' dir='ltr'>constituerit</span> 
     </span>
     <span class='ocr_line' id='line_1_14' title="bbox 79 1368 1087 1452; baseline 0 -20"><span class='ocrx_word' id='word_1_101' title='bbox 79 1390 146 1433; x_wconf 93' lang='lat' dir='ltr'>non</span> <span class='ocrx_word' id='word_1_102' title='bbox 173 1370 269 1434; x_wconf 91' lang='lat' dir='ltr'>modo</span> <span class='ocrx_word' id='word_1_103' title='bbox 297 1390 458 1434; x_wconf 90' lang='lat' dir='ltr'>summum</span> <span class='ocrx_word' id='word_1_104' title='bbox 488 1369 608 1433; x_wconf 89' lang='lat' dir='ltr'>malum</span> <span class='ocrx_word' id='word_1_105' title='bbox 635 1389 705 1432; x_wconf 89' lang='lat' dir='ltr'>esse</span> <span class='ocrx_word' id='word_1_106' title='bbox 729 1368 885 1452; x_wconf 91' lang='lat' dir='ltr'>dolorem,</span> <span class='ocrx_word' id='word_1_107' title='bbox 911 1368 1087 1434; x_wconf 88' lang='lat' dir='ltr'>sedetiam</span> 
     </span>
     <span class='ocr_line' id='line_1_15' title="bbox 81 1455 1140 1538; baseline -0.005 -19"><span class='ocrx_word' id='word_1_108' title='bbox 81 1455 209 1520; x_wconf 86' lang='lat' dir='ltr'>solum?</span> <span class='ocrx_word' id='word_1_109' title='bbox 261 1455 331 1522; x_wconf 89' lang='lat' dir='ltr'>Nec</span> <span class='ocrx_word' id='word_1_110' title='bbox 362 1478 437 1520; x_wconf 86' lang='lat' dir='ltr'>vero</span> <span class='ocrx_word' id='word_1_111' title='bbox 468 1456 527 1521; x_wconf 90' lang='lat' dir='ltr'>illa</span> <span class='ocrx_word' id='word_1_112' title='bbox 554 1457 618 1520; x_wconf 88' lang='lat' dir='ltr'>sibi</span> <span class='ocrx_word' id='word_1_113' title='bbox 645 1455 786 1520; x_wconf 90' lang='lat' dir='ltr'>remedia</span> <span class='ocrx_word' id='word_1_114' title='bbox 816 1455 1016 1538; x_wconf 85' lang='lat' dir='ltr'>comparavit</span> <span class='ocrx_word' id='word_1_115' title='bbox 1045 1455 1087 1520; x_wconf 86' lang='lat' dir='ltr'>ad</span> <span class='ocrx_word' id='word_1_116' title='bbox 1107 1465 1140 1514; x_wconf 70' lang='lat'>74</span> 
     </span>
     <span class='ocr_line' id='line_1_16' title="bbox 37 1543 1086 1627; baseline -0.002 -17"><span class='ocrx_word' id='word_1_117' title='bbox 37 1569 65 1610; x_wconf 75' lang='lat' dir='ltr'>rs</span> <span class='ocrx_word' id='word_1_118' title='bbox 79 1543 281 1609; x_wconf 88' lang='lat' dir='ltr'>tolerandum</span> <span class='ocrx_word' id='word_1_119' title='bbox 313 1544 468 1624; x_wconf 89' lang='lat' dir='ltr'>dolorem,</span> <span class='ocrx_word' id='word_1_120' title='bbox 504 1543 690 1608; x_wconf 88' lang='lat' dir='ltr'>firmitatem</span> <span class='ocrx_word' id='word_1_121' title='bbox 727 1544 840 1626; x_wconf 84' lang='lat' dir='ltr'>animi,</span> <span class='ocrx_word' id='word_1_122' title='bbox 876 1543 1086 1627; x_wconf 87' lang='lat' dir='ltr'>turpitudinis</span> 
     </span>
     <span class='ocr_line' id='line_1_17' title="bbox 80 1631 1087 1716; baseline 0.001 -21"><span class='ocrx_word' id='word_1_123' title='bbox 80 1631 317 1716; x_wconf 84' lang='lat' dir='ltr'>verecundiam,</span> <span class='ocrx_word' id='word_1_124' title='bbox 363 1632 623 1713; x_wconf 85' lang='lat' dir='ltr'>exercitationem</span> <span class='ocrx_word' id='word_1_125' title='bbox 668 1632 992 1714; x_wconf 86' lang='lat' dir='ltr'>consuetudinemque</span> <span class='ocrx_word' id='word_1_126' title='bbox 1031 1653 1087 1715; x_wconf 83' lang='lat' dir='ltr'>pu·</span> 
     </span>
     <span class='ocr_line' id='line_1_18' title="bbox 80 1718 1088 1802; baseline 0 -20"><span class='ocrx_word' id='word_1_127' title='bbox 80 1718 195 1796; x_wconf 91' lang='lat' dir='ltr'>tiendi,</span> <span class='ocrx_word' id='word_1_128' title='bbox 223 1721 409 1802; x_wconf 86' lang='lat' dir='ltr'>[praecepta</span> <span class='ocrx_word' id='word_1_129' title='bbox 435 1718 661 1801; x_wconf 67' lang='lat' dir='ltr'>fortitudinis]</span> <span class='ocrx_word' id='word_1_130' title='bbox 689 1719 842 1783; x_wconf 89' lang='lat' dir='ltr'>duritiam</span> <span class='ocrx_word' id='word_1_131' title='bbox 865 1719 1005 1802; x_wconf 83' lang='lat' dir='ltr'>virilem,</span> <span class='ocrx_word' id='word_1_132' title='bbox 1031 1718 1088 1783; x_wconf 87' lang='lat' dir='ltr'>sed</span> 
     </span>
     <span class='ocr_line' id='line_1_19' title="bbox 79 1806 1087 1890; baseline 0.001 -21"><span class='ocrx_word' id='word_1_133' title='bbox 79 1827 147 1870; x_wconf 90' lang='lat' dir='ltr'>una</span> <span class='ocrx_word' id='word_1_134' title='bbox 179 1827 212 1871; x_wconf 91' lang='lat' dir='ltr'>sa</span> <span class='ocrx_word' id='word_1_135' title='bbox 245 1807 323 1871; x_wconf 90' lang='lat' dir='ltr'>dicit</span> <span class='ocrx_word' id='word_1_136' title='bbox 354 1807 575 1873; x_wconf 84' lang='lat' dir='ltr'>recordatione</span> <span class='ocrx_word' id='word_1_137' title='bbox 605 1806 808 1890; x_wconf 85' lang='lat' dir='ltr'>adquiescere</span> <span class='ocrx_word' id='word_1_138' title='bbox 840 1807 1087 1890; x_wconf 89' lang='lat' dir='ltr'>praeteritarum</span> 
     </span>
     <span class='ocr_line' id='line_1_20' title="bbox 80 1894 1087 1979; baseline 0.001 -22"><span class='ocrx_word' id='word_1_139' title='bbox 80 1894 311 1977; x_wconf 85' lang='lat' dir='ltr'>voluptatium,</span> <span class='ocrx_word' id='word_1_140' title='bbox 333 1898 370 1960; x_wconf 92' lang='lat' dir='ltr'>ut</span> <span class='ocrx_word' id='word_1_141' title='bbox 389 1894 508 1979; x_wconf 89' lang='lat' dir='ltr'>siquis</span> <span class='ocrx_word' id='word_1_142' title='bbox 527 1898 689 1978; x_wconf 86' lang='lat' dir='ltr'>aestuans,</span> <span class='ocrx_word' id='word_1_143' title='bbox 713 1916 786 1960; x_wconf 88' lang='lat' dir='ltr'>cum</span> <span class='ocrx_word' id='word_1_144' title='bbox 803 1895 869 1959; x_wconf 83' lang='lat' dir='ltr'>vim</span> <span class='ocrx_word' id='word_1_145' title='bbox 888 1894 1003 1959; x_wconf 88' lang='lat' dir='ltr'>caloris</span> <span class='ocrx_word' id='word_1_146' title='bbox 1021 1915 1087 1958; x_wconf 91' lang='lat' dir='ltr'>non</span> 
     </span>
     <span class='ocr_line' id='line_1_21' title="bbox 35 1980 1086 2066; baseline -0.006 -16"><span class='ocrx_word' id='word_1_147' title='bbox 35 2006 66 2050; x_wconf 83' lang='lat' dir='ltr'>ao</span> <span class='ocrx_word' id='word_1_148' title='bbox 80 1981 176 2045; x_wconf 87' lang='lat' dir='ltr'>facile</span> <span class='ocrx_word' id='word_1_149' title='bbox 199 1984 354 2065; x_wconf 88' lang='lat' dir='ltr'>patiatur,</span> <span class='ocrx_word' id='word_1_150' title='bbox 381 1981 543 2047; x_wconf 89' lang='lat' dir='ltr'>recordari</span> <span class='ocrx_word' id='word_1_151' title='bbox 566 1982 645 2047; x_wconf 86' lang='lat' dir='ltr'>velit</span> <span class='ocrx_word' id='word_1_152' title='bbox 672 2003 742 2047; x_wconf 88' lang='lat' dir='ltr'>sese</span> <span class='ocrx_word' id='word_1_153' title='bbox 770 1982 942 2066; x_wconf 87' lang='lat' dir='ltr'>aliquando</span> <span class='ocrx_word' id='word_1_154' title='bbox 970 1982 1005 2046; x_wconf 92' lang='lat' dir='ltr'>in</span> <span class='ocrx_word' id='word_1_155' title='bbox 1026 1980 1086 2044; x_wconf 84' lang='lat' dir='ltr'>Ar-</span> 
     </span>
     <span class='ocr_line' id='line_1_22' title="bbox 80 2069 1087 2154; baseline 0 -22"><span class='ocrx_word' id='word_1_156' title='bbox 80 2069 184 2152; x_wconf 87' lang='lat' dir='ltr'>pinati</span> <span class='ocrx_word' id='word_1_157' title='bbox 210 2073 323 2134; x_wconf 83' lang='lat' dir='ltr'>nostro</span> <span class='ocrx_word' id='word_1_158' title='bbox 353 2069 466 2154; x_wconf 81' lang='lat' dir='ltr'>gelidis</span> <span class='ocrx_word' id='word_1_159' title='bbox 498 2069 683 2135; x_wconf 88' lang='lat' dir='ltr'>fluminibus</span> <span class='ocrx_word' id='word_1_160' title='bbox 720 2070 948 2135; x_wconf 88' lang='lat' dir='ltr'>circumfusum</span> <span class='ocrx_word' id='word_1_161' title='bbox 978 2069 1087 2135; x_wconf 88' lang='lat' dir='ltr'>fuisse.</span> 
     </span>
     <span class='ocr_line' id='line_1_23' title="bbox 79 2153 1087 2242; baseline 0 -22"><span class='ocrx_word' id='word_1_162' title='bbox 79 2153 157 2220; x_wconf 88' lang='lat' dir='ltr'>Non</span> <span class='ocrx_word' id='word_1_163' title='bbox 175 2157 261 2220; x_wconf 90' lang='lat' dir='ltr'>enim</span> <span class='ocrx_word' id='word_1_164' title='bbox 279 2157 387 2239; x_wconf 84' lang='lat' dir='ltr'>video,</span> <span class='ocrx_word' id='word_1_165' title='bbox 410 2157 587 2241; x_wconf 89' lang='lat' dir='ltr'>quomodo</span> <span class='ocrx_word' id='word_1_166' title='bbox 611 2157 721 2222; x_wconf 89' lang='lat' dir='ltr'>sedare</span> <span class='ocrx_word' id='word_1_167' title='bbox 744 2158 871 2242; x_wconf 85' lang='lat' dir='ltr'>possint</span> <span class='ocrx_word' id='word_1_168' title='bbox 888 2158 975 2223; x_wconf 91' lang='lat' dir='ltr'>mala</span> <span class='ocrx_word' id='word_1_169' title='bbox 997 2177 1087 2240; x_wconf 79' lang='lat' dir='ltr'>prae</span> 
     </span>
     <span class='ocr_line' id='line_1_24' title="bbox 81 2243 1139 2328; baseline -0.003 -21"><span class='ocrx_word' id='word_1_170' title='bbox 81 2243 185 2307; x_wconf 89' lang='lat' dir='ltr'>sentia</span> <span class='ocrx_word' id='word_1_171' title='bbox 204 2244 397 2326; x_wconf 87' lang='lat' dir='ltr'>praeteritae</span> <span class='ocrx_word' id='word_1_172' title='bbox 415 2244 607 2328; x_wconf 85' lang='lat' dir='ltr'>voluptates.</span> <span class='ocrx_word' id='word_1_173' title='bbox 639 2243 702 2310; x_wconf 81' lang='lat' dir='ltr'>Sed</span> <span class='ocrx_word' id='word_1_174' title='bbox 721 2247 839 2311; x_wconf 91' lang='lat' dir='ltr'>cumis</span> <span class='ocrx_word' id='word_1_175' title='bbox 858 2245 944 2312; x_wconf 90' lang='lat' dir='ltr'>dicat</span> <span class='ocrx_word' id='word_1_176' title='bbox 962 2266 1087 2328; x_wconf 87' lang='lat' dir='ltr'>semper</span> <span class='ocrx_word' id='word_1_177' title='bbox 1106 2253 1139 2303; x_wconf 75' lang='lat'>⁷5</span> 
     </span>
     <span class='ocr_line' id='line_1_25' title="bbox 80 2330 1087 2415; baseline 0.004 -21"><span class='ocrx_word' id='word_1_178' title='bbox 80 2330 213 2396; x_wconf 89' lang='lat' dir='ltr'>beatum</span> <span class='ocrx_word' id='word_1_179' title='bbox 241 2353 310 2397; x_wconf 88' lang='lat' dir='ltr'>esse</span> <span class='ocrx_word' id='word_1_180' title='bbox 338 2332 530 2415; x_wconf 89' lang='lat' dir='ltr'>sapientem,</span> <span class='ocrx_word' id='word_1_181' title='bbox 557 2331 609 2398; x_wconf 91' lang='lat' dir='ltr'>cui</span> <span class='ocrx_word' id='word_1_182' title='bbox 636 2333 740 2396; x_wconf 89' lang='lat' dir='ltr'>dicere</span> <span class='ocrx_word' id='word_1_183' title='bbox 767 2334 841 2414; x_wconf 93' lang='lat' dir='ltr'>hoc,</span> <span class='ocrx_word' id='word_1_184' title='bbox 869 2334 897 2397; x_wconf 92' lang='lat' dir='ltr'>si</span> <span class='ocrx_word' id='word_1_185' title='bbox 927 2333 990 2398; x_wconf 90' lang='lat' dir='ltr'>sibi</span> <span class='ocrx_word' id='word_1_186' title='bbox 1014 2354 1087 2399; x_wconf 87' lang='lat' dir='ltr'>con-</span> 
     </span>
     <span class='ocr_line' id='line_1_26' title="bbox 36 2419 1087 2503; baseline -0.002 -17"><span class='ocrx_word' id='word_1_187' title='bbox 36 2442 67 2486; x_wconf 75' lang='lat' dir='ltr'>as</span> <span class='ocrx_word' id='word_1_188' title='bbox 82 2421 169 2483; x_wconf 86' lang='lat' dir='ltr'>stare</span> <span class='ocrx_word' id='word_1_189' title='bbox 195 2420 307 2502; x_wconf 88' lang='lat' dir='ltr'>vellet,</span> <span class='ocrx_word' id='word_1_190' title='bbox 333 2441 398 2485; x_wconf 91' lang='lat' dir='ltr'>non</span> <span class='ocrx_word' id='word_1_191' title='bbox 425 2419 548 2501; x_wconf 89' lang='lat' dir='ltr'>liceret,</span> <span class='ocrx_word' id='word_1_192' title='bbox 575 2419 728 2502; x_wconf 90' lang='lat' dir='ltr'>quidnam</span> <span class='ocrx_word' id='word_1_193' title='bbox 755 2420 937 2486; x_wconf 83' lang='lat' dir='ltr'>faciendum</span> <span class='ocrx_word' id='word_1_194' title='bbox 964 2421 1087 2503; x_wconf 87' lang='lat' dir='ltr'>estiis,</span> 
     </span>
     <span class='ocr_line' id='line_1_27' title="bbox 81 2506 1087 2592; baseline 0.002 -22"><span class='ocrx_word' id='word_1_195' title='bbox 81 2506 136 2589; x_wconf 91' lang='lat' dir='ltr'>qui</span> <span class='ocrx_word' id='word_1_196' title='bbox 159 2507 241 2571; x_wconf 90' lang='lat' dir='ltr'>nihil</span> <span class='ocrx_word' id='word_1_197' title='bbox 265 2507 490 2590; x_wconf 90' lang='lat' dir='ltr'>expetendum,</span> <span class='ocrx_word' id='word_1_198' title='bbox 510 2507 592 2572; x_wconf 90' lang='lat' dir='ltr'>nihil</span> <span class='ocrx_word' id='word_1_199' title='bbox 615 2507 767 2572; x_wconf 91' lang='lat' dir='ltr'>inbonis</span> <span class='ocrx_word' id='word_1_200' title='bbox 790 2508 977 2592; x_wconf 90' lang='lat' dir='ltr'>ducendum,</span> <span class='ocrx_word' id='word_1_201' title='bbox 1002 2508 1087 2592; x_wconf 89' lang='lat' dir='ltr'>quod</span> 
     </span>
     <span class='ocr_line' id='line_1_28' title="bbox 80 2592 1087 2679; baseline 0.002 -22"><span class='ocrx_word' id='word_1_202' title='bbox 80 2592 251 2659; x_wconf 89' lang='lat' dir='ltr'>honestate</span> <span class='ocrx_word' id='word_1_203' title='bbox 283 2599 403 2677; x_wconf 89' lang='lat' dir='ltr'>careat,</span> <span class='ocrx_word' id='word_1_204' title='bbox 436 2595 652 2660; x_wconf 80' lang='lat' dir='ltr'>existumant?</span> <span class='ocrx_word' id='word_1_205' title='bbox 708 2594 761 2659; x_wconf 90' lang='lat' dir='ltr'>Me</span> <span class='ocrx_word' id='word_1_206' title='bbox 793 2596 920 2679; x_wconf 90' lang='lat' dir='ltr'>quidem</span> <span class='ocrx_word' id='word_1_207' title='bbox 957 2599 1087 2660; x_wconf 87' lang='lat' dir='ltr'>auctore</span> 
     </span>
     <span class='ocr_line' id='line_1_29' title="bbox 81 2680 1087 2767; baseline 0.003 -23"><span class='ocrx_word' id='word_1_208' title='bbox 81 2680 180 2746; x_wconf 91' lang='lat' dir='ltr'>etiam</span> <span class='ocrx_word' id='word_1_209' title='bbox 201 2681 412 2764; x_wconf 88' lang='lat' dir='ltr'>Peripatetici</span> <span class='ocrx_word' id='word_1_210' title='bbox 434 2687 621 2767; x_wconf 82' lang='lat' dir='ltr'>veteresque</span> <span class='ocrx_word' id='word_1_211' title='bbox 639 2681 824 2748; x_wconf 86' lang='lat' dir='ltr'>Academici</span> <span class='ocrx_word' id='word_1_212' title='bbox 841 2683 1005 2748; x_wconf 89' lang='lat' dir='ltr'>balbutire</span> <span class='ocrx_word' id='word_1_213' title='bbox 1029 2683 1087 2747; x_wconf 91' lang='lat' dir='ltr'>ali·</span> 
     </span>
     <span class='ocr_line' id='line_1_30' title="bbox 81 2768 1086 2855; baseline 0.004 -24"><span class='ocrx_word' id='word_1_214' title='bbox 81 2768 208 2851; x_wconf 89' lang='lat' dir='ltr'>quando</span> <span class='ocrx_word' id='word_1_215' title='bbox 227 2769 377 2834; x_wconf 88' lang='lat' dir='ltr'>desinant</span> <span class='ocrx_word' id='word_1_216' title='bbox 396 2774 568 2855; x_wconf 88' lang='lat' dir='ltr'>aperteque</span> <span class='ocrx_word' id='word_1_217' title='bbox 583 2775 615 2835; x_wconf 88' lang='lat' dir='ltr'>et</span> <span class='ocrx_word' id='word_1_218' title='bbox 629 2771 716 2836; x_wconf 90' lang='lat' dir='ltr'>clara</span> <span class='ocrx_word' id='word_1_219' title='bbox 735 2792 811 2837; x_wconf 85' lang='lat' dir='ltr'>voce</span> <span class='ocrx_word' id='word_1_220' title='bbox 828 2771 967 2837; x_wconf 89' lang='lat' dir='ltr'>audeant</span> <span class='ocrx_word' id='word_1_221' title='bbox 981 2772 1086 2836; x_wconf 88' lang='lat' dir='ltr'>dicere</span> 
     </span>
     <span class='ocr_line' id='line_1_31' title="bbox 37 2855 1116 2978; baseline 0.003 -56"><span class='ocrx_word' id='word_1_222' title='bbox 37 2880 67 2922; x_wconf 87' lang='lat' dir='ltr'>so</span> <span class='ocrx_word' id='word_1_223' title='bbox 81 2855 209 2921; x_wconf 90' lang='lat' dir='ltr'>beatam</span> <span class='ocrx_word' id='word_1_224' title='bbox 232 2857 333 2921; x_wconf 86' lang='lat' dir='ltr'>vitam</span> <span class='ocrx_word' id='word_1_225' title='bbox 355 2858 391 2923; x_wconf 91' lang='lat' dir='ltr'>in</span> <span class='ocrx_word' id='word_1_226' title='bbox 412 2857 594 2923; x_wconf 86' lang='lat' dir='ltr'>Phalaridis</span> <span class='ocrx_word' id='word_1_227' title='bbox 616 2861 746 2924; x_wconf 87' lang='lat' dir='ltr'>taurum</span> <span class='ocrx_word' id='word_1_228' title='bbox 769 2859 1002 2925; x_wconf 85' lang='lat' dir='ltr'>descensuram.</span> <span class='ocrx_word' id='word_1_229' title='bbox 1096 2913 1116 2978; x_wconf 68' lang='lat'><strong>2</strong></span> 
     </span>
     <span class='ocr_line' id='line_1_32' title="bbox 149 2915 1137 3041; baseline 0.006 -35"><span class='ocrx_word' id='word_1_230' title='bbox 149 2941 221 3008; x_wconf 78' lang='lat' dir='ltr'>Sint</span> <span class='ocrx_word' id='word_1_231' title='bbox 244 2944 330 3009; x_wconf 87' lang='lat' dir='ltr'>enim</span> <span class='ocrx_word' id='word_1_232' title='bbox 351 2945 416 3010; x_wconf 88' lang='lat' dir='ltr'>tria</span> <span class='ocrx_word' id='word_1_233' title='bbox 438 2965 556 3030; x_wconf 76' lang='lat' dir='ltr'>genera</span> <span class='ocrx_word' id='word_1_234' title='bbox 578 2946 751 3029; x_wconf 88' lang='lat' dir='ltr'>bonorum,</span> <span class='ocrx_word' id='word_1_235' title='bbox 773 2947 898 3011; x_wconf 87' lang='lat' dir='ltr'>utiam</span> <span class='ocrx_word' id='word_1_236' title='bbox 921 2969 941 3011; x_wconf 90' lang='lat' dir='ltr'>a</span> <span class='ocrx_word' id='word_1_237' title='bbox 962 2946 1086 3032; x_wconf 89' lang='lat' dir='ltr'>laqueis</span> <span class='ocrx_word' id='word_1_238' title='bbox 1101 2915 1137 3041; x_wconf 59' lang='lat' dir='ltr'>,g</span> 
     </span>
     <span class='ocr_line' id='line_1_33' title="bbox 81 3027 1086 3119; baseline 0.006 -25"><span class='ocrx_word' id='word_1_239' title='bbox 81 3027 276 3115; x_wconf 83' lang='lat' dir='ltr'>Stoicorum,</span> <span class='ocrx_word' id='word_1_240' title='bbox 307 3034 423 3117; x_wconf 86' lang='lat' dir='ltr'>quibus</span> <span class='ocrx_word' id='word_1_241' title='bbox 455 3055 550 3099; x_wconf 90' lang='lat' dir='ltr'>usum</span> <span class='ocrx_word' id='word_1_242' title='bbox 581 3055 632 3099; x_wconf 92' lang='lat' dir='ltr'>me</span> <span class='ocrx_word' id='word_1_243' title='bbox 664 3034 822 3118; x_wconf 88' lang='lat' dir='ltr'>pluribus,</span> <span class='ocrx_word' id='word_1_244' title='bbox 854 3056 950 3118; x_wconf 91' lang='lat' dir='ltr'>quam</span> <span class='ocrx_word' id='word_1_245' title='bbox 986 3035 1086 3119; x_wconf 91' lang='lat' dir='ltr'>soleo,</span> 
     </span>
     <span class='ocr_line' id='line_1_34' title="bbox 79 3117 1087 3207; baseline 0.006 -26"><span class='ocrx_word' id='word_1_246' title='bbox 79 3117 248 3204; x_wconf 85' lang='lat' dir='ltr'>intellego,</span> <span class='ocrx_word' id='word_1_247' title='bbox 276 3120 474 3198; x_wconf 86' lang='lat' dir='ltr'>recedamus,</span> <span class='ocrx_word' id='word_1_248' title='bbox 501 3121 569 3185; x_wconf 90' lang='lat' dir='ltr'>sint</span> <span class='ocrx_word' id='word_1_249' title='bbox 591 3143 668 3186; x_wconf 90' lang='lat' dir='ltr'>sane</span> <span class='ocrx_word' id='word_1_250' title='bbox 690 3122 748 3187; x_wconf 92' lang='lat' dir='ltr'>illa</span> <span class='ocrx_word' id='word_1_251' title='bbox 777 3143 896 3207; x_wconf 82' lang='lat' dir='ltr'>genera</span> <span class='ocrx_word' id='word_1_252' title='bbox 917 3123 1087 3207; x_wconf 87' lang='lat' dir='ltr'>bonorum,</span> 
     </span>
     <span class='ocr_line' id='line_1_35' title="bbox 80 3204 1087 3295; baseline 0.007 -26"><span class='ocrx_word' id='word_1_253' title='bbox 80 3204 157 3271; x_wconf 90' lang='lat' dir='ltr'>dum</span> <span class='ocrx_word' id='word_1_254' title='bbox 176 3208 318 3290; x_wconf 88' lang='lat' dir='ltr'>corporis</span> <span class='ocrx_word' id='word_1_255' title='bbox 339 3213 368 3273; x_wconf 86' lang='lat' dir='ltr'>et</span> <span class='ocrx_word' id='word_1_256' title='bbox 385 3212 517 3272; x_wconf 87' lang='lat' dir='ltr'>externa</span> <span class='ocrx_word' id='word_1_257' title='bbox 534 3209 662 3274; x_wconf 89' lang='lat' dir='ltr'>iaceant</span> <span class='ocrx_word' id='word_1_258' title='bbox 679 3209 771 3274; x_wconf 91' lang='lat' dir='ltr'>humi</span> <span class='ocrx_word' id='word_1_259' title='bbox 785 3213 818 3274; x_wconf 91' lang='lat' dir='ltr'>et</span> <span class='ocrx_word' id='word_1_260' title='bbox 835 3212 962 3274; x_wconf 85' lang='lat' dir='ltr'>tantum</span> <span class='ocrx_word' id='word_1_261' title='bbox 979 3211 1087 3295; x_wconf 88' lang='lat' dir='ltr'>modo,</span> 
     </span>
    </p>
   </div>
   <div class='ocr_carea' id='block_1_3' title="bbox 37 3293 1087 3556">
    <p class='ocr_par' dir='ltr' id='par_1_3' title="bbox 37 3293 1087 3556">
     <span class='ocr_line' id='line_1_36' title="bbox 37 3293 1087 3449; baseline 0.004 -90"><span class='ocrx_word' id='word_1_262' title='bbox 37 3317 65 3360; x_wconf 76' lang='lat' dir='ltr'>aa</span> <span class='ocrx_word' id='word_1_263' title='bbox 80 3293 158 3444; x_wconf 57' lang='lat' dir='ltr'>gisia</span> <span class='ocrx_word' id='word_1_264' title='bbox 181 3294 336 3447; x_wconf 66' lang='lat' dir='ltr'>sepmendp</span> <span class='ocrx_word' id='word_1_265' title='bbox 353 3296 438 3448; x_wconf 74' lang='lat' dir='ltr'>tsint,</span> <span class='ocrx_word' id='word_1_266' title='bbox 461 3296 664 3449; x_wconf 63' lang='lat' dir='ltr'>appelleptup</span> <span class='ocrx_word' id='word_1_267' title='bbox 686 3297 784 3447; x_wconf 75' lang='lat' dir='ltr'>bopa,</span> <span class='ocrx_word' id='word_1_268' title='bbox 811 3297 874 3362; x_wconf 88' lang='lat' dir='ltr'>alia</span> <span class='ocrx_word' id='word_1_269' title='bbox 896 3299 1005 3398; x_wconf 79' lang='lat' dir='ltr'>autem</span> <span class='ocrx_word' id='word_1_270' title='bbox 1026 3298 1087 3425; x_wconf 64' lang='lat' dir='ltr'>ills</span> 
     </span>
     <span class='ocr_line' id='line_1_37' title="bbox 80 3388 1085 3556; baseline 0.007 -23"><span class='ocrx_word' id='word_1_271' title='bbox 80 3403 206 3554; x_wconf 51' lang='lat' dir='ltr'>alth</span> <span class='ocrx_word' id='word_1_272' title='bbox 220 3402 644 3556; x_wconf 61' lang='lat' dir='ltr'>tttsttttth</span> <span class='ocrx_word' id='word_1_273' title='bbox 670 3388 1085 3540; x_wconf 48' lang='lat' dir='ltr'>{tantist-{tbi</span> 
     </span>
    </p>
   </div>
   <div class='ocr_carea' id='block_1_4' title="bbox 820 3574 877 3629">
    <p class='ocr_par' dir='ltr' id='par_1_4' title="bbox 820 3574 877 3629">
     <span class='ocr_line' id='line_1_38' title="bbox 820 3574 877 3629; baseline -0.018 0"><span class='ocrx_word' id='word_1_274' title='bbox 820 3574 877 3629; x_wconf 61' lang='lat' dir='ltr'>W</span> 
     </span>
    </p>
   </div>
   <div class='ocr_carea' id='block_1_5' title="bbox 0 0 1178 3876">
    <p class='ocr_par' dir='ltr' id='par_1_5' title="bbox 0 0 1178 3876">
     <span class='ocr_line' id='line_1_39' title="bbox 0 0 1178 3876; baseline 0 0"><span class='ocrx_word' id='word_1_275' title='bbox 0 0 1178 3876; x_wconf 95' lang='lat' dir='ltr'> </span> 
     </span>
    </p>
   </div>
  </div>
 </body>
</html>
