2346 3876
104 171 168 235 164
265 170 313 225 ΒΕ
332 168 477 224 FINIBUS
495 169 676 224 BONORUM
693 169 742 224 ET
760 169 949 224 MALORUM

101 332 205 397 omnis
244 331 343 396 animi
375 335 408 395 et
439 331 623 414 voluptates
656 335 689 395 et
725 332 853 396 dolores
890 331 934 396 ad
970 330 1103 414 corporis

100 421 284 505 voluptates
309 442 346 484 ac
369 419 498 484 dolores
513 420 704 503 pertinere?
752 418 889 484 Nihilne
911 423 947 482 te
976 419 1102 487 delectat

100 530 252 593 umquam
281 505 403 593 (video,
426 507 554 591 quicum
576 506 719 591 loquar),
741 511 774 571 te
797 507 913 591 igitur,
943 506 1099 590 Torquate,

100 598 206 680 ipsum
244 617 303 680 per
338 617 373 660 se
408 596 491 659 nihil
528 595 688 659 delectat?
747 594 872 659 Omitto
911 590 1116 679 dignitatemr

100 685 317 767 honestatem,
345 685 483 767 speciem
505 684 610 766 ipsam
634 684 804 763 virtutum,
830 683 871 747 de
898 683 1017 767 quibus
1038 686 1097 746 ante

101 773 222 837 dictum
249 775 311 854 est,
342 771 422 835 haec
453 770 576 836 leviora
601 792 738 854 ponam:
770 775 901 855 potma,
934 772 1095 836 orationem

101 884 174 925 cum
207 864 263 924 aut
295 859 409 924 scribis
442 862 499 922 aut
529 858 625 943 legis,
662 880 734 922 cum
767 858 912 924 omniurn
943 860 1094 940 factorum,

101 971 173 1012 cum
205 948 373 1034 regionum
405 946 568 1029 conquiris
599 946 782 1031 historiam,
815 947 962 1031 signum,
992 945 1093 1029 tabula,

100 1036 191 1102 locus
216 1056 381 1117 amoenus,
416 1034 499 1114 ludi,
528 1035 673 1118 venatio,
705 1035 782 1098 villa
808 1033 938 1099 Luculli
966 1033 1050 1119 (nam
1072 1031 1104 1097 ri·

101 1122 213 1188 ‘tuam’
243 1123 395 1205 dicerem,
421 1121 580 1186 latebram
602 1122 753 1207 haberes3
782 1123 823 1187 ad
851 1144 968 1206 corpus
991 1123 1092 1186 diceres

100 1208 290 1295 pert-inere),
314 1210 370 1275 sed
394 1231 445 1293 ea,
469 1231 551 1293 quae
574 1210 654 1293 dixi,
676 1210 717 1274 ad
740 1232 901 1294 corpusne
924 1210 1043 1275 refers?
1059 1228 1100 1272 er·

101 1303 151 1364 est
177 1298 313 1382 aliquid,
340 1297 425 1382 quod
452 1301 485 1361 te
513 1319 571 1361 sua
599 1303 714 1381 sponte
742 1299 903 1364 delectet?
952 1298 1020 1363 Aut
1036 1316 1116 1381 per·-

101 1387 322 1451 tinacissimus
344 1386 458 1469 fueris,
486 1386 513 1449 si
538 1387 716 1469 perstiteris
741 1387 781 1452 ad
808 1409 926 1470 corpus
953 1408 1004 1469 ea,
1028 1400 1092 1468 queo

102 1476 184 1558 dixi,
220 1474 352 1557 referre,
389 1476 445 1538 aut
476 1473 653 1538 deserueris
687 1478 793 1538 totam
829 1474 966 1558 Epicuri
999 1474 1116 1555 volup·¹

50 1585 100 1635 108
123 1567 236 1646 tatem,
260 1562 288 1626 si
310 1563 488 1648 negaveris.
527 1561 619 1637 Quod
641 1583 717 1626 vero
741 1585 762 1626 a
781 1567 816 1626 te
838 1563 1038 1647 disputatum
1055 1556 1116 1633 cat!¹

102 1652 240 1717 maiores
267 1672 336 1715 esse
364 1650 549 1734 voluptates
578 1652 611 1713 et
637 1650 765 1714 dolores
793 1651 894 1714 animi
920 1673 1017 1735 quam
1039 1666 1100 1712 cor-

101 1740 203 1824 poris,
236 1739 312 1822 quia
347 1739 447 1803 trium
482 1741 665 1820 temporum
696 1739 860 1822 particeps
897 1739 1023 1803 animus
1054 1735 1094 1815 sit.

102 1849 237 1912 corpore
269 1830 376 1890 autem
407 1825 592 1909 praesentia
622 1825 728 1889 solnm
760 1825 956 1909 sentiantur,
989 1825 1040 1910 qui
1067 1820 1094 1887 id

101 1915 233 1998 probari
255 1917 379 1997 potest,
400 1916 438 1977 ut
459 1913 502 1996 is,
524 1913 580 1996 qui
602 1917 735 1997 propter
753 1935 805 1978 me
824 1914 948 1997 aliquid
966 1913 1094 1999 gaudeat,

102 2002 175 2088 plus
198 2024 294 2085 quam
313 2022 373 2087 ego
395 2001 466 2085 ipse
488 2001 651 2086 gaudeat?
688 2002 821 2082 [Animo
838 2004 992 2086 voluptas
1010 1998 1116 2067 oriturl.

102 2094 235 2174 propter
262 2090 463 2173 voluptatem
490 2089 649 2172 corporis,
676 2093 709 2152 et
737 2091 841 2154 maior
863 2095 915 2154 est
938 2089 1093 2154 animive

101 2180 211 2261 luptas
237 2198 335 2261 quam
361 2176 513 2261 corporis.
563 2176 614 2240 lta
639 2178 692 2259 fit,
718 2181 756 2241 ut
787 2178 970 2263 gratulator
998 2175 1095 2242 laetior

103 2266 146 2330 sit
168 2287 264 2350 quarn
286 2265 328 2348 ie,
350 2265 402 2329 cui
425 2264 629 2350 gratulatur]
667 2263 743 2344 Sed,
766 2266 842 2331 dum
865 2267 992 2331 efficere
1013 2260 1094 2329 vullis

101 2355 233 2418 beatum
265 2353 457 2437 sapientem,
489 2374 563 2417 cum
594 2354 752 2417 maximas
784 2356 894 2419 animo
927 2355 1094 2438 voluptates

102 2441 260 2527 percipiat
283 2441 495 2525 omnibusque
518 2443 664 2523 partibus
687 2442 827 2506 maiores
850 2465 949 2526 quarn
971 2444 1116 2526 corporo,¹

102 2530 179 2615 quid
206 2534 366 2610 occurrat,
393 2551 460 2593 non
486 2529 612 2593 r1det1s.
656 2529 769 2593 Ammr
799 2530 886 2594 enim
908 2552 1033 2615 quoque
1052 2527 1096 2590 do

102 2618 186 2682 lores
213 2617 369 2702 percipiet
397 2616 547 2682 omnibus
573 2618 722 2701 partibus
749 2619 888 2682 maiores
916 2640 1014 2702 quam
1041 2634 1095 2681 cor

102 2706 198 2789 poris
243 2704 294 2768 lta
321 2705 419 2769 miser
446 2705 491 2768 sit
517 2705 689 2788 aliquando
718 2727 848 2770 necesse
874 2710 926 2769 est
947 2707 992 2789 is,
1017 2723 1095 2790 quen

102 2815 160 2857 ros
191 2793 324 2857 beatum
356 2813 483 2875 semper
514 2793 613 2856 vultis
645 2815 728 2878 esse,
758 2815 818 2858 nec
849 2815 927 2859 vero
959 2794 1006 2876 id,
1035 2792 1097 2856 dum

103 2880 213 2944 omnia
241 2880 282 2944 ad
308 2881 509 2964 voluptatem
536 2879 742 2964 doloremque
773 2881 936 2966 referetis,
965 2877 1116 2946 efficietis*

52 2989 102 3038 109
124 2990 286 3052 umquam.
340 2967 446 3044 Quare
480 2967 569 3032 aliud
596 2968 739 3053 aliquod,
770 2969 946 3054 Torquate,
971 2965 1098 3035 hominis

104 3077 264 3120 summum
294 3056 416 3120 bonum
438 3055 661 3139 reperiendum
683 3060 748 3140 est,
774 3059 978 3140 voluptatem
999 3052 1098 3122 bestiis

104 3145 326 3219 concedamus,
354 3143 470 3228 quibus
493 3164 551 3208 ros
581 3144 621 3207 de
644 3167 770 3208 summo
793 3146 879 3210 bono
901 3147 1040 3210 testibus
1059 3138 1099 3204 uti

104 3232 224 3297 soletis.
278 3230 375 3311 Quid,
406 3230 434 3295 si
461 3231 560 3295 etiam
586 3232 711 3296 hostiae
741 3233 846 3297 multa
876 3233 1004 3298 faciunt
1033 3232 1101 3295 duce

104 3341 163 3383 sue
190 3339 335 3404 quaeque
361 3322 478 3382 nutrire
504 3320 626 3402 partim
653 3320 859 3405 indulgenter
883 3322 938 3386 vel
966 3343 1037 3386 eum
1063 3318 1102 3381 lc·

103 3407 194 3489 bore,
215 3410 252 3471 ut
274 3407 309 3472 in
331 3405 504 3493 gignendo,
527 3407 562 3471 in
585 3407 764 3490 educando,
785 3409 939 3493 perfacile
960 3417 998 3474 ret
1014 3425 1102 3493 appa‘

95 3499 171 3558 reat
196 3495 285 3561 aliud
314 3494 465 3607 qpiddum
491 3495 533 3560 iis
559 3497 777 3580 propositum,
802 3519 870 3562 non
892 3489 1103 3582 voluptatem?
