2346 3876
106 159 145 212 VI
425 153 636 211 ADNOTATIO
655 155 807 211 ORITICA.

107 315 208 369 Baiter.
229 345 261 353 —
280 314 310 367 P.
332 321 372 368 14.
394 319 425 368 19
444 331 535 369 rerum
552 316 625 372 notis
642 315 722 383 qnasi
739 315 854 370 duribus
875 315 978 383 Davis,
996 317 1112 385 Baiter,

106 387 186 454 quasi
198 401 288 440 rerum
300 386 372 439 notis
385 385 500 439 duribus
514 384 603 451 codd,
617 387 697 454 qnasi
709 402 801 440 rerum
816 387 1003 440 notationibus
1016 388 1111 441 Halm.

106 486 141 496 —
158 456 188 510 P.
209 461 251 510 14.
270 462 302 509 21
326 456 439 523 donique
462 454 571 523 scripsi,
594 456 626 508 in
650 471 705 524 qua
728 456 822 523 codd,
845 457 913 523 †in
935 474 990 524 pua
1008 457 1112 525 Halm,

106 529 137 580 in
151 541 204 594 pua
216 526 303 592 Mam,
321 525 437 592 Baiter,
455 526 497 579 ita
510 525 634 593 Madvig.
649 556 682 565 —
697 526 727 579 P.
744 532 784 579 14.
799 532 833 580 23
847 527 1004 596 [oratoria]
1017 528 1111 582 Halm.

107 628 140 636 -
159 597 189 650 P.
206 602 247 648 14.
266 601 300 650 25
318 596 396 650 Haeo
413 600 471 650 erat
488 595 545 650 illie
562 596 652 660 formo
670 595 802 665 Madvig,
820 595 907 664 Bait,
925 597 1002 651 Haeo
1015 599 1113 666 prima

106 671 165 722 erat
181 667 238 720 illis
251 668 347 734 prima
365 666 425 722 eod.
444 664 527 731 Ged,
549 665 626 720 Haeo
643 671 702 720 erat
718 667 775 720 illis
789 668 884 734 prima
900 667 1014 735 reliqui,
1034 669 1113 722 Haeo

105 739 195 804 forma
213 742 271 791 erat
288 737 345 790 illis
361 738 481 806 primum
497 735 589 791 Halm.
610 766 643 775 -
661 735 692 790 P.
709 742 749 790 14.
768 743 802 791 26
820 739 1020 805 dissupationes
1038 739 1112 792 Bait.

106 823 141 862 ex
162 807 268 861 Halmii
289 805 373 873 soni,
402 807 600 875 disputatimns
622 806 716 873 codd,
738 808 938 862 immutationes
959 808 1051 861 Halm.
1078 841 1112 847 —

105 877 136 931 P.
158 885 198 932 14.
222 883 255 931 36
278 879 361 943 ferret
383 876 460 943 Em,
483 875 554 930 Bait.
574 906 607 916 -
625 875 656 932 P.
679 882 770 930 15.15
792 882 977 944 †moaeretur
998 879 1112 947 Baiter,

102 950 257 1017 partiretur
276 947 401 1014 Bentley.
420 945 483 1001 Vid.
500 946 567 1000 fam.
586 946 829 1002 1112141111
845 949 1008 1003 movebatur.
1028 980 1061 988 —
1080 949 1112 1006 P.

108 1024 148 1073 15.
163 1024 197 1071 20
211 1018 349 1071 incideret
361 1016 444 1085 Bait,
457 1016 594 1070 inciderit
607 1016 667 1072 rell.
682 1047 716 1056 -
729 1015 761 1071 P.
778 1023 818 1071 15.
834 1024 866 1071 31
881 1019 968 1088 [esse]
983 1019 1112 1074 Ernestio

106 1091 219 1143 auctore
238 1087 323 1153 Bait,
347 1104 403 1143 non
420 1105 447 1156 p.
468 1093 509 1141 10.
529 1093 576 1151 13;
593 1086 650 1143 vid.
669 1086 761 1141 Madv.
781 1088 816 1141 de
838 1088 884 1144 fin.
903 1107 930 1157 p.
951 1095 1001 1143 733
1017 1108 1057 1158 sq.
1079 1123 1111 1129 η

105 1158 136 1212 P.
158 1165 199 1213 16.
219 1164 251 1211 11
275 1158 517 1225 perturbationem
543 1172 599 1210 non
626 1158 688 1210 erat
710 1174 758 1211 eur
780 1157 871 1212 Halm.
896 1162 924 1214 et
946 1160 1018 1214 Bait.
1048 1179 1111 1215 oum

106 1228 169 1282 11111
188 1229 330 1281 mutarent
350 1227 381 1280 in
399 1228 641 1296 perturbationes,
663 1242 715 1281 nee
738 1246 763 1281 v.
784 1234 816 1282 13
836 1246 885 1283 our
903 1246 935 1284 ea
956 1229 986 1283 in
1004 1247 1056 1287 eas.
1078 1264 1111 1270 —

105 1298 136 1352 P.
157 1305 198 1353 16.
218 1304 251 1351 23
275 1314 315 1364 sq.
339 1303 371 1351 nt
392 1302 522 1366 quattuor
544 1298 635 1350 initiis
653 1328 686 1336 —
705 1298 843 1353 adhiberet
864 1300 939 1369 vulg.
965 1301 1056 1354 deleto
1071 1303 1112 1367 in,

106 1368 181 1436 quod
199 1371 241 1422 111
254 1367 283 1420 in
297 1367 377 1421 codd.
397 1369 462 1421 ante
480 1372 622 1436 quattuor,
640 1370 814 1436 corruptum,
833 1371 926 1438 credo,
945 1388 979 1424 ex
997 1372 1055 1437 IV,
1069 1374 1113 1426 uti

105 1444 234 1507 quattuor
252 1437 354 1491 Baiter.
373 1468 407 1476 —
425 1436 456 1491 P.
477 1443 517 1492 16.
538 1443 572 1491 26
595 1439 684 1505 ipsam
701 1454 769 1492 eam
786 1445 917 1495 notrorum
938 1442 974 1494 de
998 1441 1112 1495 Christii

106 1507 245 1562 sententia
260 1508 352 1561 Halm.
372 1510 402 1562 et
415 1506 529 1575 Baiter,
554 1524 609 1575 qua
626 1523 683 1562 non
706 1524 775 1578 opus
794 1526 854 1564 esse
874 1510 969 1565 docuit
987 1511 1110 1580 Madvig.

106 1579 140 1632 de
163 1579 209 1633 fin.
231 1578 319 1631 1128.
339 1584 373 1633 93
391 1595 418 1647 p.
438 1583 497 1633 298.
517 1576 588 1630 Add.
602 1595 629 1648 p.
645 1583 687 1633 57.
707 1585 741 1633 29
760 1581 866 1635 etiamsi
883 1583 940 1649 ipse
957 1583 1017 1647 erit,
1035 1598 1112 1650 quem

105 1651 218 1715 rideris,
236 1650 285 1718 qui
302 1649 354 1703 tibi
371 1649 514 1704 ridebitur.
534 1678 567 1688 —
586 1647 616 1702 P.
633 1655 674 1703 16.
693 1655 726 1703 21
746 1667 816 1719 puae
833 1653 977 1720 quidque
987 1653 1112 1773 gipneret

105 1725 130 1774 et
147 1726 259 1774 mentem
276 1725 356 1787 atoue
373 1734 466 1774 111111
483 1734 569 1787 prave
589 1717 694 1772 dietum
717 1722 799 1788 putat
817 1720 913 1775 Madvi
934 1765 939 1775 .
959 1723 985 1789 (e
1007 1716 1112 1775 .Or.ll

104 1808 131 1858 p.
161 1792 237 1858 854),
264 1789 385 1858 primum
408 1788 483 1857 quod
505 1789 622 1868 quidque
643 1806 701 1845 non
723 1790 761 1843 sit
783 1793 888 1856 omnia,
912 1739 1012 1844 iemde
1037 1794 1112 1859 quod

106 1861 179 1913 Zeno
198 1859 312 1912 minime
334 1859 429 1928 ignem
448 1874 541 1911 omma
559 1874 674 1927 gignere
693 1859 834 1926 statuerit,
858 1859 977 1928 denique
995 1865 1112 1930 propter

105 1936 185 2000 atque
205 1929 329 1983 ‘variata
342 1928 493 1997 particula,
509 1928 588 1995 quasi
602 1929 657 1983 duo
673 1929 728 1983 sint
741 1929 880 1998 membra,
898 1931 1018 1999 primum
1032 1934 1111 1999 puid-

105 2017 164 2069 que,
178 2000 243 2054 dein
256 2004 367 2081 1111111
381 2003 461 2067 atque
472 1999 592 2065 sonsus’,
607 1999 799 2068 persuasitque
808 2000 921 2081 Baitero
935 2001 1112 2055 scribendum

106 2085 285 2194 illudit
304 2073 577 2193 1111111331
595 2070 1112 2208 111.ἳο11111111111111

106 2210 181 2264 ditus
200 2209 237 2262 s'it
254 2209 378 2276 dativus,
403 2210 542 2277 quomodo
560 2209 735 2264 aecusativus
753 2227 810 2265 non
832 2212 922 2280 possit
939 2229 996 2266 non
1015 2213 1110 2266 valere

105 2282 210 2345 omnia,
234 2279 345 2333 dativus
367 2277 457 2349 possit
473 2280 520 2333 vel
538 2281 661 2334 omnibus
677 2280 733 2334 vel'
751 2280 886 2348 quidquid
903 2283 980 2336 valet
998 2299 1111 2336 aecusa-

105 2351 179 2404 tivus
203 2350 260 2404 ille.
303 2350 365 2418 Ego
390 2366 459 2418 quae
483 2351 600 2419 quidque
623 2351 743 2419 pipneret
766 2350 935 2420 interpretor
958 2369 1015 2405 non
1042 2370 1112 2422 quae

105 2421 198 2475 omnia
215 2421 348 2489 pipneret,
371 2421 419 2474 sed
441 2436 510 2489 puae
533 2422 564 2474 in
586 2421 703 2489 sinpnlis
724 2421 816 2486 rebus,
841 2439 910 2491 qnae
927 2423 1111 2491 pipmrentur,

105 2509 137 2545 ea
155 2496 219 2544 esset
236 2495 354 2556 111111,
372 2506 440 2558 puae
457 2492 590 2559 pipnerot,
614 2493 647 2543 ut
664 2508 691 2561 p.
711 2496 753 2544 99.
775 2497 806 2545 16
825 2508 894 2560 puae
911 2494 952 2545 ais
969 2495 1019 2557 sit,
1043 2510 1111 2561 quae

105 2563 221 2630 quidque
238 2561 341 2628 affimat
359 2560 425 2627 (vid.
445 2559 526 2628 Seyff.
545 2560 621 2614 Lael.
639 2578 667 2631 p.
687 2567 739 2615 310
759 2563 787 2614 11
804 2561 878 2615 infra
894 2561 932 2615 ad
949 2579 976 2630 p.
992 2568 1051 2615 231.
1069 2571 1110 2630 16,

105 2638 165 2685 431.
184 2633 242 2699 19),
261 2632 290 2685 11
302 2636 412 2685 mentem
432 2635 512 2698 atque
528 2645 622 2684 sensus
639 2646 695 2683 non
711 2630 803 2683 minus
821 2648 905 2697 quam
924 2631 1032 2685 dnobus
1050 2649 1111 2686 ver-

105 2701 181 2755 sibus
200 2702 265 2755 ante
284 2703 344 2755 arte
364 2699 512 2754 coniuncta
530 2714 588 2753 esse
607 2699 740 2768 arbitror,
760 2702 793 2753 ut
811 2699 867 2753 sint
887 2700 958 2755 ‘duo
977 2703 1110 2770 membra,

105 2772 225 2841 primum
248 2772 377 2839 quidque,
400 2770 465 2824 dein
487 2773 598 2823 mentem
620 2774 700 2838 atque
724 2770 845 2825 sensns’.
881 2771 998 2825 Zenonis
1017 2776 1111 2826 autem

104 2842 192 2910 ipsius
209 2857 280 2909 quae
297 2840 384 2894 fuerit
401 2838 551 2905 sententia,
569 2856 626 2895 non
642 2838 725 2892 nimis
744 2856 818 2896 curo.
834 2871 867 2880 -
880 2840 911 2894 P.
929 2847 969 2896 17.
986 2849 999 2895 1
1019 2845 1108 2911 1111-

105 2914 164 2966 dau
181 2911 237 2965 vid.
258 2911 338 2982 adp.
359 2917 400 2965 18.
420 2916 462 2964 18.
481 2939 515 2949 -
532 2907 564 2964 Ρ.
585 2915 626 2964 18.
644 2915 661 2963 3
686 2910 795 2965 Horma
813 2927 867 2965 esse
884 2917 973 2966 auton
991 2913 1111 2967 arbitror

105 2979 703 3119 11111111111111111111
720 2980 1111 3107 attitulata

105 3138 158 3180 esse
176 3121 299 3192 [autem]
317 3121 423 3186 Halm,
440 3124 565 3186 †oernm
582 3092 635 3174 isse
653 3125 742 3176 11111
757 3121 829 3176 Bait.
845 3152 879 3162 —
892 3122 922 3177 P.
939 3094 1011 3177 18.’6
1024 3123 1112 3177 Tunc

106 3192 242 3261 seriptum
265 3194 306 3246 est
327 3191 357 3244 in
380 3190 460 3245 codd.
485 3192 513 3244 et
531 3192 674 3259 receptum
692 3192 728 3245 ab
745 3191 858 3245 Halmio
877 3194 906 3246 et
923 3192 1049 3258 Baitero;
1075 3194 1110 3246 ef.

105 3280 133 3333 p.
149 3269 207 3317 136.
223 3268 247 3315 9.
263 3292 295 3301 -
309 3259 341 3315 P.
357 3267 398 3316 18.
415 3267 447 3314 13
465 3265 497 3314 nt
513 3263 620 3329 111111
633 3262 700 3316 miti
717 3263 824 3316 ridetur
838 3262 899 3318 eod.
915 3261 983 3317 Ged.
998 3262 1111 3332 aliique,

106 3332 180 3400 quod
194 3349 250 3386 non
265 3348 352 3386 essem
366 3348 448 3385 ausus
467 3330 615 3399 repudiare
629 3333 704 3398 (nam
716 3330 815 3399 habet,
835 3349 889 3399 quo
903 3333 949 3388 111
964 3335 1111 3386 excusetur

105 3403 151 3456 vel
162 3402 333 3470 explicetur),
347 3401 401 3454 nisi
415 3402 532 3456 eandem
546 3401 712 3471 particulam
726 3401 916 3457 videremnon
928 3418 992 3456 raro
1001 3403 1047 3456 vel
1061 3422 1110 3458 suo

106 3471 170 3525 loeo
188 3478 295 3525 motam
313 3471 360 3524 vel
378 3470 509 3525 omissam
527 3487 601 3539 1111,
619 3472 780 3541 1111128
799 3478 831 3526 11
847 3474 915 3528 milti
931 3473 1037 3526 ridetur
1051 3476 1111 3542 pui-
