2356 3870
269 180 336 235 LIB.
355 181 389 237 11.
417 180 494 236 eAP.
513 187 635 236 21-23.
667 187 683 247 5
701 189 824 240 50-15.
983 185 1048 250 349

51 336 235 425 fluimusque
262 341 413 424 mollitia,
441 342 511 426 apis
539 342 733 408 aculeum
708 365 776 408 sme
799 343 937 409 clamore
965 343 1049 410 ferre

52 445 106 493 non
133 450 316 530 possumus.
374 393 420 493 Al
446 451 522 494 vero
551 429 586 494 Ο
612 430 751 514 Murrus,
781 432 963 497 5555155555
990 434 1083 517 515,.)
1068 454 1101 502 55

51 516 98 580 sed
120 515 218 599 plane
242 518 305 600 515,
327 538 399 581 cum
418 521 594 600 secaretur,
617 522 653 582 ut
672 540 769 601 supra
787 520 854 583 dixi
859 520 1048 603 ,principio

50 604 146 668 555515
175 625 210 667 55
236 604 378 689 alligari,
400 627 458 669 nee
482 606 652 690 quisquam
671 628 713 670 an
715 609 746 670 te
766 570 906 672 Maridm
925 607 1048 672 solutus

48 691 160 756 dicitur
193 712 262 756 esse
286 696 405 756 555555.
454 691 520 757 (155
551 713 628 777 ergo
660 698 773 775 postea
805 695 882 759 alii?
935 694 1049 759 Valuit

46 779 230 845 auctoritas.
266 778 406 844 Videsne
424 781 526 864 igitur
544 781 704 862 opinionis
724 803 807 865 esse,
831 804 895 846 non
913 787 1048 847 naturae

44 867 188 931 malum?
224 866 269 930 Et
286 871 395 931 tamen
413 867 514 932 151555
533 889 639 932 acrem
658 890 802 933 morsum
820 869 940 934 doloris
963 871 1048 934 idem

42 953 165 1018 Marius
190 954 344 1038 ostendit3
368 976 441 1018 5555
460 954 545 1019 enim
564 955 702 1020 alterum
720 978 786 1021 non
803 958 961 1040 praebuit.
996 957 1048 1022 Ita

42 1045 74 1106 et
104 1041 186 1105 tulit
216 1041 360 1107 dolorem
391 1047 428 1106 55
454 1042 503 1107 515
530 1047 563 1107 55
592 1047 629 1107 55
655 1043 753 1109 homo
782 1046 936 1109 maiorem
965 1045 1048 1109 ferre

42 1130 111 1194 sine
134 1151 233 1194 55555
254 1130 438 1194 5555555515
459 1131 573 1196 noluit.
608 1129 726 1195 Totum
749 1133 850 1216 igitur
872 1132 906 1197 in
929 1155 966 1197 5ο
990 1137 1048 1215 555,

40 1220 79 1282 55
98 1216 192 1281 tibi
181 1238 329 1300 imperes
365 1216 574 1282 Ostendit
518 1222 574 1282 555
575 1241 639 1303 em,
661 1219 747 1302 quod
766 1224 851 1285 55555
869 1220 1048 1303 imperandi

41 1325 158 1389 genus3
181 1307 277 1389 atque
299 1305 379 1368 haec
402 1306 572 1389 cogitatio,
591 1306 671 1407 quid
689 1308 861 1389 patientia,
885 1309 962 1392 quid
983 1309 1048 1373 for·

40 1391 194 1475 titudine,
212 1392 288 1492 quid
306 1392 528 1493 magnitudine
546 1393 645 1457 enimi
637 1393 889 1477 dignissimum
908 1396 960 1477 515,
981 1418 1048 1460 non

42 1480 147 1546 solum
176 1479 318 1544 animum
345 1480 542 1563 comprimit,
516 1480 662 1544 sted
652 1502 759 1563 rpsum
783 1482 880 1546 etiam
905 1446 1047 1547 dolorem

41 1568 156 1720 nescIth
175 1569 542 1738 {dimphllinmpiilohlid}
564 1567 763 1739 iratciignavus
786 1657 878 1721 miles
902 1678 939 1721 ac
964 1657 1101 1743 timi-54

41 1742 116 1825 dus,
148 1742 245 1806 simul
277 1763 315 1807 55
341 1742 457 1807 viderit
484 1743 560 1807 host
561 1764 626 1826 em,
653 1743 779 1808 abiecto
812 1747 903 1808 scuto
935 1696 1101 1828 fugiet,54

43 1834 200 1915 quantum
222 1831 341 1913 possit,
363 1831 405 1894 ob
426 1852 558 1913 eamque
583 1852 714 1895 causum
736 1834 848 1932 pereat
870 1853 936 1895 non
957 1853 1048 1896 num-

43 1939 138 2002 quam
173 1916 271 1981 etiam
302 1917 429 2002 integro
463 1938 608 2000 corpore,
640 1940 713 1983 eum
745 1918 788 2001 51,
823 1918 878 2002 551
912 1921 1048 2002 steterit,

44 2005 124 2070 nihil
147 2005 212 2069 tale
236 2005 390 2089 evenerit,
413 2005 472 2087 sic,
495 2005 551 2088 qui
573 2004 692 2070 doloris
717 2005 856 2089 speciem
876 2005 961 2070 15555
983 2028 1049 2071 non

43 2095 193 2176 possunt,
220 2092 364 2157 abiciunt
390 2114 424 2156 55
452 2095 548 2176 55555
579 2092 627 2157 155
658 2093 780 2158 adflicti
811 2098 843 2158 55
876 2095 1049 2159 exanimati

43 2180 181 2264 iacent3·
194 2179 249 2262 551
281 2183 389 2244 autem
420 2180 623 2262 restiterunt,
658 2180 826 2245 discedunt
861 2181 1048 2265 saepissime

43 2267 233 2351 superiores.
283 2265 365 2331 Sunt
392 2267 477 2331 enim
505 2267 662 2351 quaedam
690 2269 790 2331 animi
820 2269 1049 2334 similitudines

42 2376 116 2420 cum
140 2375 282 2438 corpore.
311 2353 373 2455 ,Ut
400 2355 679 2504 onerauconttentis
710 2356 899 2505 clqlrporibus
921 2355 1048 2457 facilius

41 2442 974 2613 555555515555515555
1002 2466 1050 2594 l.

41 2618 198 2683 missione
225 2621 333 2682 autem
360 2618 406 2682 515
434 2622 579 2702 urgetur,
606 2621 642 2681 55
671 2639 706 2681 55
728 2621 867 2701 nequeat
890 2616 1050 2681 extollere.

41 2704 100 2789 Et,
137 2704 165 2768 si
201 2726 313 2769 verum
349 2704 545 2788 quaerimus,
580 2705 615 2769 in
651 2705 800 2768 omnibus
833 2704 947 2770 officiis
979 2726 1048 2788 per·
1068 2718 1102 2766 55

41 2791 215 2877 sequendis
239 2792 338 2856 animi
361 2796 411 2856 est
433 2792 614 2856 adhibenda
637 2793 817 2877 contentio;
845 2814 883 2857 55
908 2796 958 2856 555
980 2793 1051 2857 5515

41 2879 144 2946 5111511
174 2883 341 2963 tamquam
372 2879 527 2945 custodia.
581 2879 643 2944 Sed
674 2880 736 2945 hoc
763 2881 848 2944 idem
874 2880 909 2945 in
940 2880 1051 2946 dolore

41 2988 193 3034 maxume
221 2971 271 3031 est
297 2967 542 3050 providendum,
569 2988 610 3032 ne
637 2968 714 3051 quid
742 2968 879 3052 abiecte,
905 2989 946 3031 ne
973 2968 1050 3052 quid

41 3055 170 3138 timide,
195 3075 237 3119 ne
264 3055 377 3139 quid
367 3074 499 3156 rgnave,
525 3077 566 3120 ne
594 3055 670 3139 quid
698 3056 859 3120 5555111555
887 3055 1050 3120 muliebri

41 3147 133 3209 terve
162 3142 332 3226 faciamus,
364 3144 398 3207 in
429 3142 604 3227 primisque
635 3142 794 3208 refutetur
829 3166 866 3208 ae
897 3142 1051 3208 reiciatur

41 3229 262 3296 Philocteteus
285 3231 341 3295 1115
364 3231 496 3296 clamor.
539 3230 758 3315 Ingemescere
787 3254 852 3297 non
873 3253 1050 3315 numquam

41 3318 113 3385 viro
140 3339 328 3384 concessum
355 3322 416 3398 est,
444 3319 539 3402 idque
566 3340 653 3401 5555,
684 3318 784 3383 515155
770 3323 822 3383 tus
850 3339 891 3383 ne
922 3318 1050 3383 mulieri

41 3405 182 3493 quidem.
231 3405 276 3471 Et
302 3406 357 3470 hic
378 3406 531 3471 nimirum
559 3411 608 3472 555
630 3406 738 3489 115555,
765 3428 860 3490 quem
883 3405 1050 3471 duodecim

41 3493 175 3561 tabulae
205 3492 241 3559 in
271 3493 438 3559 funeribus
466 3493 612 3559 adhiberi
642 3497 822 3558 vetuerunt.
874 3492 943 3559 Nec
973 3505 1101 3558 verosa

1058 1619 1101 1682 23
