2356 3870
330 152 398 207 ΜΒ.
417 152 463 207 lv.
492 153 568 210 CAP.
590 160 636 225 11,
656 161 697 208 12.
727 161 881 221 §aa-³1.
1042 159 1107 225 213

163 311 224 379 Sin
246 314 360 379 dieunt
383 315 547 380 obscurari
572 316 729 400 quaedam
752 339 812 382 nec
835 341 1003 403 apparere,
1030 323 1108 405 quia

100 402 191 466 valde
214 423 318 484 parva
340 402 419 485 sint,
440 425 501 469 nos
524 425 650 488 quoque
675 405 892 490 concedimus3
921 409 1006 490 quod
1030 408 1107 474 dicit

40 558 43 565 ,
102 487 259 572 Epicurus
284 491 383 554 etiam
411 491 450 555 de
472 492 653 576 voluptate,
681 515 761 575 quae
784 494 937 558 minimae
964 497 1030 560 sint
1052 519 1107 562 vo·

105 575 253 660 luptates,
282 599 337 642 eas
362 578 528 643 obscurari
552 601 647 663 saepe
671 585 704 644 et
727 581 829 646 obrui.
866 581 928 646 Sed
948 605 1014 647 non
1033 590 1108 649 sunt

91 664 138 728 sin
166 687 204 731 eo
236 686 354 750 genere
385 671 496 732 tantae
529 668 773 733 commoditates
801 669 945 753 corporis
976 675 1107 754 tamque

110 753 276 834 productae
299 755 499 836 temporibus
522 758 654 839 tamque
676 757 806 820 multae.
844 757 958 842 Itaque
981 759 1014 822 in
1038 760 1107 843 qui-

112 839 162 905 bus
179 845 313 924 propter
331 864 442 907 eorum
461 843 672 928 exiguitatem
690 844 875 910 obscuratio
893 847 1108 930 consequitur,

116 948 196 1012 saepe
220 929 350 1012 accidit,
373 934 409 994 ut
431 931 514 995 nihil
538 931 694 996 interesse
715 935 827 998 nostra
849 933 1018 1014 fateamur,
1042 936 1108 1000 sint

118 1014 162 1080 illa
176 1039 275 1082 necne
299 1018 376 1101 sint,
399 1022 435 1083 ut
453 1020 487 1083 in
506 1020 586 1103 sole,
609 1020 695 1103 quod
714 1043 734 1084 a
751 1022 783 1084 tc
804 1020 983 1106 dicebatur,
1005 1023 1106 1087 lucer-

52 1134 55 1139 ·
90 1122 179 1168 nram
208 1105 361 1170 adhibere
392 1107 475 1171 nihil
510 1107 645 1171 interest
676 1112 733 1172 aut
765 1110 946 1174 teruncium
982 1111 1106 1175 adicere

120 1186 211 1258 Croesi
236 1193 399 1277 pecuniae.
450 1194 573 1271 Quibus
602 1199 710 1260 autem
741 1197 776 1260 in
802 1198 899 1261 rebus
929 1201 1023 1263 tanta
1050 1199 1106 1264 ob·
1126 1217 1162 1265 30.

53 1346 64 1357 ,
120 1282 238 1347 serratio
256 1304 323 1347 non
341 1283 393 1361 fit,
410 1283 480 1347 fieri
497 1288 608 1347 tamen
626 1286 747 1368 potest,
770 1289 807 1348 ut
823 1286 857 1349 id
875 1286 996 1369 ipsum,
1020 1288 1106 1371 quod

120 1365 247 1453 interest,
268 1392 336 1435 non
358 1371 402 1434 sit
420 1392 583 1456 magnum.
620 1370 665 1435 Ut
688 1373 731 1455 ei,
753 1373 808 1455 qui
831 1373 968 1437 iucunde
992 1376 1107 1440 vixerit

121 1474 202 1522 amos
220 1459 344 1540 decem,
367 1460 395 1523 si
414 1480 515 1543 aeque
534 1459 602 1523 vita
620 1459 757 1524 iucunda
774 1464 939 1525 menstrua
960 1462 1106 1546 addatur,

89 1545 178 1624 aquia
193 1550 391 1624 momentum
410 1547 541 1631 aliquod
558 1546 678 1612 habeat
701 1547 740 1610 ad
763 1547 937 1611 iucundum
956 1551 1106 1633 accessio,

119 1627 220 1698 bonum
243 1636 299 1718 sit;
323 1636 352 1699 si
373 1639 482 1700 autem
504 1635 537 1699 id
555 1657 622 1700 non
639 1635 847 1718 concedatur,
868 1657 934 1700 non
952 1637 1104 1702 continuo

118 1719 169 1786 rita
193 1724 290 1788 beata
312 1724 450 1788 tollitur.
494 1723 587 1788 Bona
610 1728 717 1788 autem
745 1723 888 1806 corporis
916 1723 991 1788 huie
1022 1729 1106 1809 sunt,
1157 1745 1162 1755 ·

117 1810 185 1889 quod
210 1811 373 1895 posterius
394 1812 504 1895 posui,
528 1811 695 1876 similiora.
738 1810 870 1875 Habent
891 1811 976 1875 enim
1000 1834 1106 1877 acces·

115 1895 224 1964 sionem
250 1899 396 1984 dignam,
428 1900 462 1963 in
493 1921 556 1984 qua
584 1900 779 1978 elaboretur,
807 1903 844 1964 ut
870 1900 951 1964 mihi
982 1899 1017 1964 in
1044 1900 1106 1964 hoc

84 1979 199 2052 aStoiei
226 1987 327 2052 iocari
354 1987 523 2052 videantur
550 1987 723 2067 interdum,
752 2009 825 2052 cum
852 1988 900 2052 ita
926 1987 1047 2071 dicant,
1078 1989 1106 2052 si

111 2073 142 2138 ad
166 2075 259 2140 illam
285 2075 401 2158 vitam,
429 2097 510 2159 quae
539 2097 612 2139 cum
639 2076 757 2140 virtute
786 2077 933 2160 degatur,
963 2076 1106 2159 ampulla

110 2166 156 2227 aut
173 2163 311 2248 strigilis
331 2163 475 2245 accedat,
493 2167 698 2247 sumpturum
716 2165 896 2247 sapientem
914 2185 986 2229 eam
1005 2165 1106 2229 vitam

105 2252 219 2334 potius,
247 2272 311 2335 quo
338 2251 419 2315 haec
448 2251 571 2315 adiecta
598 2252 678 2334 sint,
703 2273 762 2316 nee
789 2251 968 2316 beatiorem
995 2256 1106 2316 tamen

104 2339 140 2404 ob
170 2361 243 2404 eam
271 2360 402 2404 causam
429 2339 507 2404 fore.
552 2338 624 2404 Hoc
652 2338 757 2402 simile
784 2339 914 2402 tandem
942 2342 1012 2402 est?
1040 2362 1106 2404 non
1125 2358 1156 2408 31

73 2427 164 2493 ausu
187 2428 296 2511 potius
320 2449 417 2510 quam
440 2428 585 2492 oratione
607 2426 805 2492 eiciendum?
842 2426 997 2507 Ampulla
1020 2429 1106 2490 enim

100 2517 141 2580 sit
172 2536 273 2581 necne
305 2515 361 2598 sit,
393 2515 563 2599 quis-non
593 2515 662 2579 iure
695 2515 818 2598 optimo
856 2514 1040 2596 irrideatur,
1077 2516 1106 2578 si

97 2603 246 2669 laboret?
296 2603 343 2667 At
368 2625 444 2668 vero
472 2603 632 2686 pravitate
660 2603 879 2667 membrorum
908 2605 940 2665 et
963 2601 1130 2669 cruciatu

95 2692 247 2758 dolorum
271 2691 300 2755 si
327 2691 398 2774 quis
426 2713 521 2775 quem
543 2691 641 2773 levet,
670 2710 822 2775 magnam
844 2690 933 2754 ineat
956 2689 1106 2773 gratiam,

95 2801 155 2844 nec
181 2779 210 2844 si
231 2779 286 2843 ille
310 2779 439 2861 sapiens
463 2779 505 2844 ad
527 2780 661 2844 tortoris
685 2777 828 2842 eculeum
852 2800 871 2840 a
898 2780 1035 2859 tyranno
1058 2779 1105 2842 ire

58 2893 82 2936 n
95 2870 247 2953 cogatur,
271 2867 410 2931 similem
432 2866 554 2931 habeat
576 2867 703 2930 vultum
726 2869 759 2931 et
782 2866 811 2929 si
835 2865 1012 2947 ampullam
1034 2886 1105 2949 pcr-

95 2955 246 3038 di'disset,
274 2955 330 3020 sed
352 2960 389 3019 ut
411 2975 565 3039 magnum
589 2958 622 3018 et
649 2953 780 3018 difficile
804 2956 967 3018 certamen
992 2955 1106 3034 iniens,

92 3066 170 3110 cum
198 3042 263 3108 sibi
290 3064 363 3107 cum
391 3043 522 3126 capitali
549 3042 747 3126 adversario,
778 3041 901 3124 dolore,
925 3042 1106 3126 depugnan-

93 3132 176 3198 dum
198 3130 336 3213 videret,
364 3132 519 3195 excitaret
541 3151 651 3195 omnes
675 3130 817 3195 rationes
846 3130 1045 3194 fortitudinis
1068 3149 1106 3193 ac

89 3220 287 3306 patientiae,
314 3241 450 3303 quarum
477 3218 638 3301 praesidio
667 3217 766 3281 iniret
793 3216 923 3282 difficile
951 3216 1045 3296 illud,
1069 3219 1106 3279 ut

46 3335 76 3377 aa
90 3307 179 3390 dixi,
207 3326 425 3392 magnumque
452 3305 620 3390 proelium.
669 3304 795 3370 Deinde
817 3326 883 3369 non
913 3303 1105 3386 quaerimus,

88 3395 176 3483 quid
198 3395 387 3461 obscuretur
410 3398 467 3459 aut
490 3395 640 3477 intereat,
668 3394 743 3476 quia
772 3393 814 3457 sit
836 3390 1011 3456 admodum
1034 3411 1105 3472 par-

86 3505 187 3568 vum,
219 3481 276 3548 sed
302 3482 379 3568 quid
407 3482 475 3547 talc
503 3482 560 3565 sit,
590 3487 628 3547 ut
654 3481 781 3564 expleat
807 3499 976 3545 summam.
1030 3476 1106 3542 Una
