2356 3870
334 166 400 222 ΜΒ.
418 166 440 222 1.
468 166 545 223 csP.
566 173 613 236 rc,
635 173 675 226 19.
703 174 718 234 1
737 176 859 226 11-11.
1037 173 1100 236 115

86 328 208 393 minuti
235 332 269 393 11
297 329 427 414 angusti
451 334 507 394 eut
530 331 639 395 omnia
666 353 792 415 semper
815 332 1020 416 desperantes
1044 338 1116 399 aut·

87 416 256 499 malevoli,
279 417 395 500 invidi,
418 417 579 501 difficiles,
609 419 756 504 lucifugi,
784 420 945 503 maledici,
968 423 1099 504 morosi,

87 504 143 568 alii
182 508 292 570 autern
329 506 428 570 etiam
465 507 631 571 amatoriis
669 508 856 573 levitatibus
893 509 1005 592 dediti,
1042 510 1098 574 alii

86 592 285 676 petulantes,
309 593 366 658 alii
385 594 535 677 audaces,
556 596 713 679 protervi,
733 596 829 661 iidem
846 596 1098 680 intemperantes

64 685 120 744 set
151 680 276 765 ignavi,
301 703 476 766 numquam
503 683 538 747 in
565 684 727 747 sententia
753 689 991 767 permanentes,
1018 706 1098 767 quas

87 768 129 834 ob
162 790 278 834 111111
310 771 345 834 in
372 791 482 836 eorum
510 771 578 834 vita
604 771 695 834 nulla
722 775 772 836 est
798 773 1002 856 intercapedo
1030 794 1097 836 mo-

86 857 211 920 lestiae.
273 858 380 942 Igitur
419 880 523 941 neque
565 859 739 924 stultorum
776 861 946 944 quisquam
981 861 1097 925 beatus

86 942 192 1028 neque
221 946 416 1029 sapientium
442 968 507 1011 non
534 947 656 1011 beatus.
707 947 874 1032 Multoque
896 947 959 1013 hoc
982 948 1096 1012 melius

86 1054 148 1098 nos
181 1034 353 1117 veriusque
385 1057 481 1119 quam
514 1033 623 1099 Stoici.
676 1034 730 1100 llli
758 1037 844 1100 enim
874 1041 997 1121 negant
1027 1059 1096 1101 esse

60 1120 211 1185 ubonum
243 1123 415 1207 quicquam
448 1122 513 1187 nisi
543 1124 650 1187 nescio
684 1145 780 1206 quam
812 1124 903 1188 illam
939 1126 1098 1208 umbram,

87 1209 173 1294 quod
192 1209 359 1293 appellant
376 1210 548 1276 honestum
572 1232 638 1275 non
660 1215 728 1274 tam
752 1211 857 1277 solido
876 1235 973 1297 quam
991 1214 1097 1297 splen·

87 1296 162 1363 dido
201 1299 346 1380 nomine;
382 1298 535 1363 virtutem
572 1302 680 1362 autem
715 1299 825 1364 nixam
861 1300 924 1365 hoc
959 1300 1096 1366 honesto

86 1385 211 1450 nullam
228 1386 390 1470 requirere
409 1386 610 1469 voluptatem
629 1391 725 1470 atque
744 1387 785 1451 ad
808 1389 903 1452 beate
926 1389 1097 1453 vivendum

89 1495 122 1538 se
143 1475 219 1556 ipsa
242 1495 312 1538 esse
336 1477 532 1539 contentam.
665 1537 669 1544 ,
1109 1526 1149 1590 ,9

61 1584 81 1622 a
154 1560 219 1627 Sed
246 1567 383 1645 possunt
405 1563 485 1626 hacc
512 1563 650 1645 quadam
673 1564 799 1628 ratione
822 1564 885 1628 dici
911 1586 977 1629 non
999 1564 1095 1629 modo
1116 1604 1149 1653 62

88 1671 152 1714 non
169 1651 442 1734 repugnantibus,
465 1651 693 1716 verumetiam
712 1652 967 1734 approbantibus
993 1653 1096 1717 nobis.

90 1735 140 1803 Sic
159 1739 246 1803 enim
265 1738 305 1802 ab
324 1736 464 1821 Epicuro
488 1738 617 1821 sapiens
637 1761 763 1822 semper
782 1740 895 1803 beatus
919 1740 1096 1804 inducitur:

90 1825 194 1892 linitas
217 1826 319 1891 habet
337 1826 545 1909 cupiditates,
567 1827 710 1917 neglegit
734 1831 884 1910 mortem,
907 1828 946 1892 de
970 1827 1018 1891 dis
1037 1828 1096 1892 im-

55 1981 59 1989 ,
90 1914 280 1980 mortalibus
308 1914 377 1978 sine
405 1914 472 1979 ullo
501 1918 589 1978 metu
616 1936 692 1979 vera
722 1916 832 1997 sentit,
864 1938 929 1980 non
960 1915 1097 1997 dubitat,

63 2003 118 2066 usi
146 2003 196 2067 ita
227 2003 343 2067 melius
372 2003 428 2086 sit,
459 2002 600 2086 migrare
633 2003 672 2066 de
699 2003 775 2066 1111.
829 2002 889 2066 Η11
921 2004 1017 2069 rebus
1049 2005 1096 2067 111-

89 2094 228 2156 structus
248 2110 374 2173 semper
397 2093 447 2154 cst
464 2090 500 2153 in
517 2091 693 2173 voluptate.
729 2089 841 2174 Neque
860 2092 945 2156 enim
968 2096 1095 2176 tempus

89 2182 136 2243 est
167 2178 285 2256 ullum,
317 2199 380 2260 quo
412 2200 478 2243 non
508 2179 582 2261 plus
614 2179 819 2261 voluptatum
850 2179 971 2243 habeat
1001 2202 1096 2265 quam

87 2267 245 2334 dolorum.
293 2265 379 2330 Nam
407 2269 439 2329 11
465 2266 642 2349 praeterita
671 2269 762 2351 grate
785 2267 932 2332 meminit
955 2271 987 2333 et
1004 2290 1095 2351 prae-

87 2356 234 2420 sentibus
257 2355 305 2418 ita
327 2355 464 2438 potitur,
490 2357 527 2418 ut
550 2355 800 2438 animadvertat,
825 2358 946 2437 quanta
969 2356 1035 2420 sint
1058 2378 1096 2419 ea

59 2461 247 2528 aquamque
274 2442 425 2525 iucunda,
451 2464 553 2525 neque
582 2443 700 2525 pendet
727 2465 765 2506 ex
791 2442 923 2523 futuris,
957 2443 1012 2507 sed
1044 2466 1095 2506 ex-

85 2534 213 2616 spectet
230 2529 303 2612 illa,
324 2530 443 2594 fruitur
461 2530 682 2613 praesentibus
707 2531 747 2594 ab
771 2531 874 2614 iisque
893 2530 991 2611 vitiis,
1014 2552 1095 2614 quae

84 2620 181 2703 paulo
211 2622 286 2683 ante
312 2618 437 2702 collegi,
461 2618 554 2682 abest
572 2618 744 2700 plurimum
764 2622 804 2699 11,
828 2639 901 2682 cum
922 2617 1095 2682 stultorum

85 2707 187 2772 vitam
217 2727 289 2771 curn
313 2728 372 2770 sua
394 2709 573 2789 comparat,
600 2726 719 2790 magna
747 2705 886 2770 afficitur
915 2704 1094 2790 voluptate;

86 2795 213 2861 dolores
234 2797 341 2858 autem
365 2795 393 2857 si
416 2794 470 2876 qui
492 2794 668 2875 incurrunt,
690 2815 866 2876 numquam
885 2794 949 2858 vim
967 2798 1095 2859 tantam

56 2881 220 2964 ahabent,
254 2885 292 2946 ut
318 2903 383 2947 non
410 2883 482 2964 plus
509 2880 628 2946 habeat
660 2882 801 2965 sapiens,
833 2882 916 2966 quod
948 2883 1094 2967 gaudeat,

85 2992 181 3057 quarn
217 2969 303 3053 quod
335 2973 480 3053 angatur.
534 2968 662 3052 Optime
695 2990 768 3034 vero
799 2968 972 3054 Epicurus,
1009 2972 1146 3054 quodue

85 3060 235 3144 exiguam
254 3057 335 3121 dixit
352 3057 517 3123 fortunam
535 3057 728 3121 intervenire
748 3058 898 3140 sapienti,
922 3059 1092 3123 maximas-

86 3167 146 3231 que
168 3147 211 3211 ab
231 3167 268 3210 eo
288 3148 322 3210 et
338 3144 547 3230 gravissimas
566 3165 617 3209 res
637 3145 772 3209 consilio
791 3146 894 3229 ipsius
914 3150 946 3210 et
967 3148 1092 3212 ratione

86 3234 319 3316 administrari,
347 3253 450 3316 neque
477 3231 633 3296 maiorem
659 3233 859 3316 voluptatem
894 3256 931 3298 ex
966 3233 1091 3298 infinito

55 3325 229 3408 ntempore
253 3321 371 3386 aetatis
395 3320 516 3403 percipi
539 3341 647 3403 posse,
675 3342 771 3404 quarn
795 3343 833 3386 ex
854 3322 915 3385 hoc
937 3322 1090 3404 percipia-

87 3411 149 3496 trr,
171 3410 258 3495 quod
280 3408 445 3473 videamus
469 3429 539 3472 esse
561 3408 697 3472 finitum.
733 3407 773 3472 ln
791 3408 960 3473 dialectica
983 3411 1090 3472 autem

87 3501 191 3565 restra
207 3497 334 3565 nullam
352 3496 548 3560 existimavit
566 3517 635 3560 esse
653 3517 711 3561 nec
730 3495 770 3560 ed
788 3495 901 3561 melius
920 3495 1089 3560 vivendum

839 3596 875 3650 8*
