2346 3876
312 167 377 223 ΜΒ.
396 169 418 222 1.
446 167 524 224 cup.
543 173 574 235 4,
593 173 618 223 s.
643 173 666 233 s.
686 173 806 224 1a-1s.
1036 169 1058 233 9

51 330 153 396 omnis
178 329 355 413 sapientia,
376 351 443 394 non
466 328 617 393 arbitrari
641 350 675 393 se
699 329 793 414 scire,
821 331 905 414 quod
927 331 1059 395 nesciat.

53 419 137 494 Quae
163 439 237 482 cum
266 417 386 482 diceret
414 420 599 482 constanter
625 419 658 480 et
684 417 719 483 in
741 439 779 483 ea
801 419 962 483 sententia
990 440 1059 503 per·

52 509 212 589 maneret,
230 505 337 571 omnis
355 506 423 569 eius
443 505 546 569 oratio
564 507 693 569 tantum
711 506 746 570 in
763 506 881 570 virtute
900 506 1060 570 laudanda

55 598 84 658 et
104 595 140 659 in
162 593 351 658 hominibus
375 593 416 658 ad
437 593 567 658 virtutis
592 593 733 657 studium
756 593 961 658 cohortandis
986 616 1058 659 oon·

32 682 254 765 ssumebatur,
277 685 315 746 ut
337 703 354 745 e
377 679 732 746 Socraticorumlibris
759 682 961 765 maximeque
987 681 1060 746 Pla·

56 771 138 836 tonis
175 769 324 854 intellegi
359 773 477 852 potest.
532 768 679 833 Platonis
716 772 825 834 eutem
860 770 1061 854 auctoritate,
1080 783 1113 831 17

58 859 108 942 qui
129 858 241 922 varius
265 861 299 921 et
320 857 490 940 multiplex
513 860 545 920 εὴ
567 856 715 940 copiosus
742 857 820 942 fuit,
846 880 910 923 una
933 861 966 921 et
989 879 1060 922 con-

59 946 195 1011 sentiens
214 946 340 1010 duobus
359 945 525 1010 vocabulis
543 944 768 1028 philosophiae
786 946 893 1011 forme
910 946 1062 1010 instituta

59 1039 119 1118 est,
155 1032 424 1098 Academicorum
441 1058 445 1069 “
460 1036 499 1098 et.
530 1031 832 1116 Peripateticorum,
871 1033 925 1118 qui
966 1034 1061 1098 rebus

30 1125 269 1206 incongruentes
291 1119 476 1187 nominibus
500 1119 699 1186 differebant.
747 1119 834 1186 Nam
861 1144 934 1187 cum
963 1120 1060 1205 Speu-

61 1211 191 1294 sippum,
207 1209 327 1275 sororis
341 1209 454 1292 filium,
467 1208 561 1274 Plato
571 1208 796 1292 philosophiae
808 1211 899 1294 quasi
912 1210 1062 1274 heredem

59 1298 252 1382 reliquisset,
280 1297 342 1362 duo
370 1301 479 1362 autern
505 1297 804 1380 praestantissimos
832 1299 936 1362 studio
965 1302 1062 1383 atque

61 1385 214 1470 doctrina,
250 1384 466 1451 Xenocratem
502 1382 752 1449 Calchedonium
788 1389 820 1450 et
853 1387 1062 1452 Aristotelem

62 1471 257 1559 Stagiritem,
274 1475 329 1557 qui
349 1477 442 1538 erant
460 1494 532 1537 cum
550 1473 738 1556 Aristotele,
755 1472 962 1558 Peripatetici
984 1475 1062 1538 dicti

35 1567 145 1646 nsunt,
176 1563 256 1647 quia
287 1561 497 1645 disputabant
527 1561 763 1625 inambulantes
795 1563 829 1624 in
859 1560 974 1645 Lycio,
1013 1562 1063 1625 illi

10 1648 12 1689 :
63 1654 176 1733 autem,
201 1650 257 1733 qui
277 1648 426 1714 Platonis
448 1649 598 1714 instituto
626 1649 661 1713 in
687 1648 876 1732 Academia,
905 1649 990 1732 quod
1014 1654 1064 1713 est

63 1737 195 1802 alterum
218 1737 437 1822 gymnasium,
460 1740 570 1802 coetus
594 1740 687 1800 erant
708 1740 740 1800 et
759 1758 921 1801 sermones
943 1736 1063 1801 habere

63 1826 158 1910 soliti,
182 1848 199 1889 e
223 1825 286 1890 loci
308 1825 465 1890 vocabulo
482 1846 601 1889 nomen
623 1824 813 1889 habuerunt.
851 1822 913 1889 Sed
935 1825 1064 1909 utrique

62 1911 204 1978 Platonis
222 1913 371 1978 ubertate
390 1913 542 1996 completi
561 1916 682 1978 certam
700 1912 860 1996 quandam
874 1913 1063 1996 disciplinae

34 2000 231 2066 aformulam
259 2003 519 2084 composuerunt,
547 2003 580 2064 et
609 2022 680 2064 eam
709 2000 837 2084 quidem
864 2001 994 2084 plenam
1027 2022 1064 2065 ac

61 2089 222 2167 refertam,
244 2089 336 2160 illam
354 2093 463 2154 autem
482 2087 679 2153 Socraticam
700 2089 885 2153 dubitanter
906 2088 944 2153 de
963 2089 1063 2154 omni·

62 2177 115 2242 bus
128 2177 227 2241 rebus
242 2180 275 2240 et
292 2177 382 2241 nulla
401 2177 624 2240 adfirmatione
644 2175 788 2240 adhibita
802 2177 1064 2241 consuetudinem

62 2264 236 2330 disserendi
254 2265 473 2348 reliquenmt.
524 2262 575 2328 Ita
601 2262 688 2328 facta
724 2268 785 2348 est,
817 2265 913 2348 quod
933 2265 1064 2328 minime

63 2350 208 2418 Socrates
226 2352 396 2436 probabat,
420 2374 472 2416 ars
490 2351 646 2435 quaedam
663 2351 889 2435 philosophiae
908 2355 941 2415 et
958 2373 1064 2416 rerum

34 2441 136 2506 sordo
155 2444 189 2505 et
208 2440 376 2523 discriptio
395 2439 593 2523 disciplinae.
625 2439 713 2515 Quae
732 2441 859 2524 quidem
872 2444 942 2504 erat
959 2440 1063 2523 primo
1084 2459 1118 2507 18

63 2528 200 2611 duobus,
232 2532 269 2592 ut
299 2528 380 2610 dixi,
415 2512 599 2592 nominibus
635 2550 714 2608 una3
746 2527 829 2591 nihil
862 2528 947 2591 eninr
980 2528 1065 2590 inter

62 2614 294 2700 Peripateticos
318 2619 352 2680 et
373 2615 466 2680 illam
488 2619 630 2679 veterem
651 2614 860 2679 Academiam
889 2613 1066 2678 differebat

63 2703 269 2770 Abundantia
283 2703 420 2787 quadam
436 2702 557 2788 ingenii
574 2703 771 2786 praestabat,
788 2707 826 2768 ut
839 2701 920 2766 mihi
937 2702 1066 2785 quidem

63 2793 201 2875 videtur,
228 2792 435 2875 Aristoteles,
467 2791 523 2854 sed
551 2790 637 2855 idem
665 2791 738 2855 fons
766 2795 836 2855 erat
861 2789 1005 2874 utrisque
1034 2795 1066 2855 et

35 2879 171 2945 academ
201 2901 308 2944 rerum
336 2878 583 2963 expetendarum
610 2878 897 2963 fugiendarumque
922 2879 1066 2963 partitio.

124 2966 189 3032 Sed
226 2967 302 3051 quid
338 2967 424 3052 ago?
463 2967 583 3051 iuquit,
620 2970 677 3030 aut
713 2988 824 3031 sumne
863 2989 975 3051 sanus,
1012 2968 1108 3052 quii>

62 3052 141 3121 haec
164 3077 224 3121 vos
255 3056 377 3120 doceo?
404 3077 480 3119 nam
509 3055 570 3119 etsi
601 3075 668 3118 non
701 3053 767 3118 ‘sus
795 3053 999 3138 Minervam',
1031 3058 1068 3119 ut

63 3143 165 3225 aiunt,
187 3147 299 3207 tamen
321 3144 438 3228 inepte,
461 3142 605 3226 quisquis
628 3141 811 3207 Minervam.
831 3143 931 3208 docet.
984 3142 1067 3206 Tum

62 3231 202 3297 Atticus:
231 3230 282 3295 Tu
308 3253 397 3314 vero,
423 3231 544 3315 inquit,
570 3250 683 3315 perge,
710 3230 828 3313 Varr03
861 3231 954 3295 valde
982 3230 1066 3293 enim

32 3339 132 3384 sarno
155 3323 271 3384 nostra
293 3323 390 3403 atque
412 3322 555 3401 nostros,
577 3339 690 3402 meque
713 3319 778 3382 ista
800 3319 969 3400 delectant,
994 3337 1066 3380 cum

61 3404 175 3472 Latine
209 3406 358 3472 dicuntur
391 3410 423 3472 εὴ
457 3406 522 3471 isto
554 3405 658 3471 modo.
713 3405 796 3484 Quid
827 3426 892 3487 me,
925 3406 1088 3497 inquam,

60 3495 179 3578 putas?
208 3495 264 3579 qui
292 3495 530 3580 philosophiam
556 3495 622 3561 iam
654 3493 824 3581 professus
855 3492 922 3558 sim
948 3490 1077 3577 populo
