2346 3876
104 154 170 218 428
301 152 599 208 TUSCULANARUM
618 153 924 211 DISPUTATIONUM

105 326 191 396 eun,
213 316 269 399 qui
290 315 465 380 haberetur
488 337 637 379 maxumo
660 315 810 379 ludorum
833 323 994 401 apparatu
1015 321 1106 385 totius

105 402 260 468 Graeciae
282 404 483 483 celebritate3
505 425 583 467 nam
601 406 639 466 ut
655 402 724 467 illie
743 403 800 467 alii
818 407 1012 488 corporibus
1030 429 1106 471 exer·

105 491 213 556 citatis
238 491 378 576 gloriam
407 494 439 554 et
465 491 672 555 nobilitatem
701 512 837 556 coronae
865 497 1028 579 peterent,
1058 496 1107 559 alii

105 579 230 643 emendi
248 583 305 643 aut
323 578 480 643 vendendi
498 582 636 662 quaestu
652 583 685 642 et
702 579 791 644 lucro
811 578 1014 667 ducerentur,
1032 587 1108 647 esset

105 671 214 731 autem
242 667 403 751 quoddam
430 687 531 751 genus
555 687 678 750 eorum,
705 666 802 751 idque
830 668 883 732 vel
907 671 1047 735 maxime
1067 672 1127 735 1111

104 775 258 839 genuum,
282 755 338 838 qui
354 775 413 819 nec
435 756 585 838 plausum
604 775 664 818 nec
686 754 811 819 lucrum
835 762 1040 844 quaererent,
1061 759 1108 823 sed

104 841 229 906 visendi
252 864 350 907 causa
372 842 518 907 venirent
545 842 752 926 studioseque
778 846 1015 930 perspicerent,
1041 846 1108 930 quid

105 933 255 1014 ageretur
284 933 316 994 et
343 952 405 1014 quo
434 930 542 1012 mod0,
572 930 651 994 item
678 951 738 994 nos
765 932 860 1014 quasi
887 933 923 997 in
956 939 1107 999 mercatus

105 1018 265 1101 quandam
298 1018 521 1082 celebritatem
553 1038 592 1080 ex
627 1018 707 1082 urbe
743 1018 851 1102 aliqua
888 1022 935 1086 sic
969 1022 1004 1085 in
1035 1022 1108 1086 hanc

103 1106 205 1169 vitam
233 1126 272 1169 ex
300 1105 366 1169 alia
392 1105 461 1169 vita
489 1109 522 1168 et
548 1108 665 1169 natura
691 1105 854 1188 profectos
883 1109 968 1173 alios
995 1110 1108 1194 gloriae
1119 1133 1137 1171 11

105 1193 233 1269 servire,
252 1192 335 1256 alios
353 1193 521 1276 pecuniae3
540 1214 632 1256 raros
651 1215 722 1257 esse
741 1194 909 1280 quosdam,
929 1197 985 1281 qui
1003 1199 1107 1262 ceteris

105 1279 252 1344 omnibus
281 1301 339 1363 pro
369 1278 472 1344 nihilo
502 1280 625 1344 habitis
653 1302 761 1345 rerum
789 1285 943 1347 naturam
974 1285 1108 1350 studiose

103 1368 318 1451 intuerentur,
347 1367 408 1432 hos
433 1390 467 1432 se
492 1369 654 1452 appellare
678 1370 858 1453 sapientiae
882 1373 1046 1437 studiosos
1067 1371 1107 1458 (id

104 1458 154 1519 est
172 1456 258 1519 enim
281 1455 523 1540 philosophos),
548 1460 580 1520 et
597 1459 635 1519 ut
657 1457 725 1521 illie
747 1457 1014 1525 liberalissimum
1032 1465 1108 1525 esset

105 1547 250 1627 spectare
281 1542 365 1607 nihil
398 1543 460 1607 sibi
493 1543 729 1628 adquirentem,
765 1545 811 1608 sic
847 1546 882 1609 in
918 1548 988 1613 vita
1020 1550 1107 1633 longe
1119 1570 1137 1610 11

105 1632 252 1696 omnibus
277 1631 391 1695 studiis
419 1632 726 1715 contemplationem
748 1654 856 1696 rerum
885 1636 1108 1720 cognitionem-

104 1741 165 1802 que
188 1724 362 1802 praestare.

170 1807 238 1872 Nec
255 1829 332 1872 vero
352 1806 557 1891 Pythagoras
581 1809 721 1873 nominis
745 1808 850 1873 solum
873 1811 1039 1897 inventor,
1060 1812 1108 1876 sed

103 1916 211 1958 rerum
234 1896 334 1960 etiam
355 1895 499 1978 ipsarum
518 1895 731 1979 amplificator
753 1896 825 1960 fuit.
864 1897 927 1973 Qui
946 1921 1020 1964 cum
1041 1903 1109 1984 post

103 1981 189 2046 hunc
202 1982 383 2048 Phliasium
397 2003 577 2047 sermonem
592 1983 626 2047 in
637 1983 769 2048 Italiam
782 1985 934 2070 venisset,
949 1987 1109 2052 exornavit
1120 2011 1139 2050 n

104 2092 175 2134 eam
199 2069 379 2151 Graeciam,
403 2093 484 2155 quae
507 2093 626 2155 magna
649 2071 736 2135 dicta
758 2075 820 2150 est,
849 2076 882 2136 et
904 2075 1059 2156 privatim
1081 2079 1109 2139 et

103 2157 231 2240 publice
253 2158 542 2241 praestantissimis
562 2161 595 2222 et
612 2159 770 2223 institutis
789 2157 822 2223 et
845 2161 980 2227 artibus.
1018 2162 1108 2230 Cuius

104 2245 142 2308 de
165 2243 337 2328 disciplina
357 2245 443 2309 aliud
466 2246 710 2329 tempus‘fuerit
727 2247 866 2312 fortasse
890 2249 1028 2315 dicendi.
1054 2250 1108 2315 Sed

104 2333 145 2396 ab
165 2333 298 2416 antiqua
316 2333 524 2416 philosophia
541 2355 643 2418 usque
663 2334 703 2399 ad
722 2332 896 2421 Socratem,
919 2339 976 2421 qui
994 2339 1109 2404 Arche·

102 2421 201 2505 laum,
220 2420 434 2506 Anaxagorae
453 2421 654 2506 discipulum,
674 2423 828 2505 audierat,
845 2427 974 2490 numeri
994 2433 1108 2493 motus·
1118 2447 1138 2489 11

103 2532 164 2593 quo
186 2510 423 2592 tractabantur,
447 2513 480 2573 et
502 2509 586 2572 unde
609 2511 717 2573 omnia
740 2515 908 2576 orerentur
938 2536 1045 2597 quove
1065 2537 1109 2578 re

104 2597 259 2680 ciderent,
297 2598 503 2679 studioseque
536 2597 577 2661 ab
614 2598 655 2660 iis
693 2598 833 2683 siderum
864 2603 1109 2686 magnitudines,

103 2685 287 2770 intervalla,
316 2707 426 2749 cursus
455 2685 708 2767 anquirebantur
739 2689 772 2749 et
804 2691 920 2751 cuncta
955 2691 1109 2755 caelestia.

104 2770 251 2837 Socrates
271 2778 377 2838 autem
395 2772 519 2855 primus
537 2772 779 2855 philosophiam
799 2775 971 2841 devocavit
989 2800 1006 2842 e
1027 2779 1107 2843 caelo

103 2863 136 2923 et
157 2861 192 2924 in
214 2861 349 2925 urbibus
369 2860 552 2924 conlocavit
570 2863 603 2923 et
624 2861 661 2924 in
679 2859 793 2924 domus
813 2862 911 2926 etiam
934 2865 1137 2931 introduxita

103 2951 136 3011 et
158 2948 264 3032 coegit
286 2948 324 3011 de
347 2949 415 3011 vita
438 2952 470 3012 et
492 2948 637 3012 moribus
660 2948 817 3032 rebusque
840 2950 936 3015 bonis
964 2958 997 3017 et
1020 2954 1108 3019 malis

50 3056 82 3104 11
104 3056 265 3119 quaerere.
311 3030 410 3097 Cuius
433 3035 603 3118 multiplex
625 3036 709 3100 ratio
735 3036 921 3120 disputandi
943 3061 1108 3126 rerumque

102 3124 241 3187 varietas
274 3124 308 3184 et
339 3121 460 3205 ingenii
493 3123 682 3208 magnitudo
714 3123 861 3189 Platonis
895 3131 1054 3194 memoria
1082 3131 1109 3193 et

101 3210 219 3277 litteris
243 3212 430 3273 consecrata
451 3211 546 3292 plura
572 3232 691 3296 genera
719 3212 824 3277 effecit
852 3212 1107 3281 dissentientium

100 3296 383 3383 philosophorum,
406 3318 423 3360 e
446 3298 562 3380 quibus
581 3321 640 3363 nos
665 3299 698 3363 id
721 3301 928 3381 potissimum
948 3303 1136 3369 consecutio

100 3407 223 3469 sumus,
247 3407 309 3469 quo
330 3383 495 3449 Socratem
517 3408 611 3450 usum
630 3387 881 3472 arbitrabamur,
906 3394 944 3455 ut
967 3396 1106 3457 nostram

88 3475 161 3561 ipsi
181 3473 381 3543 sententiam
403 3476 602 3561 tegeremus,
627 3495 733 3539 errore
763 3476 844 3540 alios
872 3478 1054 3545 levaremus
1079 3482 1107 3542 et

52 1865 84 1911 10
