2346 3876
104 142 172 206 394
301 140 598 197 TUSCULANARUM
616 140 937 197 DISPU'PATIONUM,

68 315 87 364 8
173 309 218 368 M.
241 303 351 387 Dieat,
378 303 501 386 siquis
524 303 606 386 volt,
634 325 697 386 qua
725 303 764 367 de
787 325 822 368 re
848 303 1006 389 disputari
1024 302 1092 368 velit

171 393 211 456 A.
247 391 331 456 Non
362 391 455 455 mihi
485 391 638 456 videtur
671 391 777 455 omui
812 392 935 457 animi
965 395 1091 477 pertur-

104 480 184 544 bat'
156 482 262 544 tuone
284 500 396 562 posse
420 479 575 562 sapiens
598 499 746 544 vacare.

170 574 215 633 M.
239 566 451 668 Aegritudine
470 566 599 650 quidem
616 566 690 631 best
675 570 770 633 terna
790 567 1012 652 disputatione
1026 566 1092 632 vide·

104 656 214 734 batur,
240 656 304 720 nisi
329 654 414 719 forte
440 655 597 738 temporis
625 676 724 720 eausa
754 655 852 721 nobis
885 655 1107 722 adsentiebatur

171 705 214 808 A.
239 743 374 808 Minime
399 763 490 825 vero3
518 765 594 807 nam
622 742 706 825 mibi·
730 743 862 828 egregie
895 745 1031 827 probata
1056 746 1122 806 est

103 832 211 896 oratio
233 836 299 896 tua.

104 1009 121 1070 t
142 926 216 1070 d'M
237 918 313 1070 ιξοιι
331 919 431 1001 igitur
450 918 616 983 existimas
633 917 744 983 eadere
762 917 798 983 in
812 919 994 1005 sapientem
1011 918 1092 1004 aegri-

120 1029 141 1071 u
164 1029 248 1071 mem

170 1096 212 1159 A.
238 1093 374 1158 Prorsus
397 1116 464 1159 non
486 1094 638 1159 arbitror.
1101 1113 1115 1152 ι

170 1188 215 1246 Μ
238 1182 400 1264 Atqui,
374 1181 484 1246 erista
502 1186 575 1265 pert
561 1183 689 1247 turbare
707 1183 854 1248 animum
874 1184 1028 1267 sapientis
1043 1202 1093 1246 nou

101 1272 226 1352 potest,
248 1269 339 1332 nulla
356 1270 485 1352 poterit.
523 1269 607 1345 Quid
625 1270 732 1335 enim?
752 1275 902 1336 metusne
921 1275 998 1337 oont
983 1266 1093 1336 turbet?

103 1358 150 1421 At
172 1379 282 1422 eurum
305 1379 411 1422 rerum
435 1361 486 1422 est
508 1357 633 1422 absent
609 1361 689 1422 trum
712 1361 831 1442 metus,
860 1381 998 1444 quarum
1019 1377 1092 1442 prae·

104 1445 245 1510 sentium
263 1449 314 1510 est
332 1465 421 1529 aegri
413 1445 509 1510 t.udo
545 1443 679 1510 Sublata
697 1445 811 1530 igitur
817 1447 1020 1531 aegritudine
1035 1444 1093 1510 sub·
1131 1518 1133 1527 Ι

103 1534 189 1598 latus
213 1537 264 1598 est
285 1537 398 1598 metus.
434 1532 574 1597 Restant
591 1533 672 1598 duae
691 1526 966 1617 perturbationes,
987 1532 1133 1600 laetitiae·

104 1622 246 1706 gestiens
273 1625 306 1686 et
333 1621 447 1704 libido3
475 1621 609 1704 quaesi
634 1621 876 1687 noneadent
865 1645 903 1689 m
924 1624 1094 1708 sapientem,

104 1731 229 1792 semper
250 1731 341 1774 mens
364 1707 427 1773 erit
447 1709 624 1792 tranquilla
646 1709 811 1792 sapientis.

65 1808 85 1856 ι
169 1798 211 1862 A.
239 1797 292 1862 Sie
313 1818 446 1880 prorsus
469 1796 633 1879 intellego.

168 1889 283 1950 Mt
237 1885 357 1950 Utrum
378 1885 479 1968 igitur
497 1885 622 1948 mavis?
654 1885 805 1951 statimne
828 1908 888 1952 nos
911 1887 987 1953 vela
1007 1885 1094 1951 faeere

103 1995 145 2038 an
168 1973 262 2056 quasi
283 1993 300 2035 e
323 1977 419 2056 portu
442 1971 635 2056 egredientis
657 1973 824 2056 paululum
847 1975 1027 2059 remigare?
1103 1989 1120 2031 ι

168 2061 209 2124 A.
237 2059 397 2135 Quidnam
420 2065 470 2125 est
492 2060 597 2125 istue?
619 2081 686 2125 uon
709 2062 794 2128 enim
816 2061 982 2148 intellego.

61 2153 84 2216 ὃ
169 2153 213 2211 Μ.
237 2147 319 2222 Quia
341 2146 543 2232 Chrysippus
570 2151 604 2212 et
627 2146 727 2213 Stoici
749 2170 822 2214 eum
850 2150 891 2214 de
914 2151 1014 2215 animi
1039 2169 1095 2234 per·

103 2234 344 2299 turbationibus
372 2235 554 2319 disputant,
582 2256 734 2320 magnam
756 2241 884 2320 partem
908 2237 944 2304 in
966 2237 1017 2303 his
1036 2257 1095 2322 par·

102 2322 281 2388 tiendist
248 2326 281 2387 et
309 2322 496 2388 definiendis
528 2287 677 2407 obeupati
704 2328 793 2406 sunt,
820 2325 879 2390 illa
906 2347 1018 2392 eorum
1038 2345 1096 2410 per·

101 2374 1024 2601 {ttontttttsttdtt&Mtttitt'ttm'tt
1040 2427 1123 2585 iii

102 2588 221 2652 candos
252 2589 378 2652 animos
410 2587 513 2651 multa
478 2587 708 2669 tadferunt,
741 2588 852 2672 spinas
884 2594 962 2673 part
947 2589 1044 2656 tiendi
1072 2589 1097 2650 et

102 2674 274 2740 definiendi
300 2674 488 2758 praetermit
489 2678 570 2739 t.unt
622 2675 823 2751 Quaerebam
854 2677 972 2762 igitur,
1003 2681 1097 2744 ιιιιιιιιι

101 2763 275 2844 panderem
294 2763 366 2827 vela
385 2763 542 2828 orationis
560 2765 591 2826 st
593 2763 673 2827 atim
691 2784 733 2827 an
749 2785 821 2828 eam
845 2769 920 2829 ante
943 2764 1096 2851 paululum

102 2848 343 2915 dialecticorum
365 2851 461 2915 remis
484 2850 712 3002 propellerem.
1106 2869 1125 2910 ι

168 2938 209 3001 A
235 2936 304 3001 Isto
270 2938 427 3004 tmodo
455 2959 544 3021 vero3
573 2937 634 3002 erit
662 2939 751 3003 enim
778 2938 840 3004 hoo
872 2942 994 3024 totum,
1025 2935 1097 3025 quod

103 3046 236 3107 quaero,
259 3048 297 3088 ex
319 3029 456 3109 utroque
478 2988 660 3108 ιιθιιθιιὶιιι.

49 3124 83 3171 ιο
168 3113 216 3177 Μ.
238 3111 301 3177 Est
327 3112 360 3176 id
387 3114 514 3196 quidem
541 3114 672 3197 reetius3
705 3114 761 3179 sed
788 3118 865 3197 post
892 3116 1049 3200 requires,
1077 3111 1099 3176 si

102 3201 179 3284 quid
201 3201 300 3266 fuerit
323 3201 497 3265 obscurius.

168 3289 209 3353 A.
236 3288 366 3354 Faciam
386 3289 543 3373 equidem3
562 3293 598 3353 tu
616 3294 741 3374 tamen,
763 3295 801 3354 ut
819 3291 920 3376 soloe,
942 3291 1028 3357 dices
1045 3290 1127 3354 istae

102 3375 174 3455 ipsa
196 3378 334 3442 obseura
355 3376 498 3459 planius,
522 3399 618 3460 quam
641 3379 788 3443 dicuntur
811 3401 831 3442 a
854 3377 994 3445 Graecis.

163 3469 210 3530 M.
233 3464 314 3530 Enit
301 3469 352 3531 ιιι
380 3464 540 3550 equidem,
572 3465 628 3528 sed
654 3467 779 3531 intento
807 3487 890 3550 opus
917 3472 968 3533 est
993 3467 1100 3544 animo,
