2346 3876
94 161 138 224 60
351 158 644 213 ACADEMIOORUM
662 156 829 211 PRIORUM

13 352 18 361 ·
94 343 227 387 uxorem
244 321 466 405 intercinebat,
489 343 562 385 cum
576 321 756 385 conabatur
770 319 868 383 etiam
886 322 1026 403 patrem,
1044 341 1107 384 non

95 410 228 493 perinde
251 411 442 475 movebatur
464 409 567 492 falsis,
589 412 628 472 ut
649 408 735 472 veris
759 406 965 473 moveretur?
1002 407 1107 484 Quid?

95 499 166 580 ipse
190 498 344 564 Alcmaeo
376 501 466 580 tuus,
498 497 554 581 qui
583 500 683 581 negat
716 494 786 561 ‘cor
817 495 880 580 sibi
908 517 983 561 cum
1006 496 1107 561 oculis

96 585 300 669 consentire’,
322 608 429 652 nonne
453 585 574 669 ibidem
596 585 730 649 incitato
753 584 876 648 furore:

163 709 262 783 unde
284 709 378 773 haec
400 709 559 773 flamma
582 707 729 772 oritur?
1118 718 1131 762 ⁵

97 835 129 895 et
152 832 216 895 illa
233 831 396 916 deinceps:

162 953 341 1039 †'Incede‚
364 955 511 1039 incede3
537 955 692 1037 adsunt,
715 977 770 1018 me
794 957 989 1038 expetunt.

98 1095 204 1172 Quid?
227 1118 300 1160 cum
324 1097 459 1181 virginis
483 1097 578 1161 fidem
601 1096 768 1179 implorat:

163 1236 235 1300 Fer
257 1238 307 1300 mi
331 1238 532 1320 aemilium,
555 1239 702 1321 pestem
727 1236 840 1320 abige
864 1257 884 1299 a
905 1257 978 1321 me,
999 1237 1109 1302 flam-

235 1323 411 1390 miferam
437 1326 539 1390 hane
567 1325 655 1407 vim,
687 1345 784 1408 quae
818 1345 874 1388 me
898 1325 1144 1390 e'xcruciatlw

166 1411 352 1478 Caeruleo
375 1414 570 1478 incinctae
590 1412 706 1497 angui
728 1410 926 1497 incedunt,
951 1413 1111 1479 circum-

469 1504 578 1566 stant
606 1523 687 1565 cum
717 1499 945 1565 ardentibus
968 1503 1111 1587 taedis,
1167 1562 1170 1567 .

97 1648 176 1689 num
199 1626 341 1778 dpbitas‚
370 1625 448 1710 quin
472 1625 535 1690 sibi
565 1625 646 1689 haec
669 1623 776 1689 videre
799 1622 971 1689 rideatur?
1016 1625 1111 1690 Item·

99 1737 160 1798 que
185 1736 219 1779 ce
236 1737 305 1778 era:

164 1853 339 1919 Intendit
363 1855 527 1919 crinitus
550 1854 692 1938 Apollo
1122 1887 1145 1928 u

166 1943 306 2006 Arcum
330 1946 517 2026 adratum,
541 1945 631 2007 luna
654 1941 829 2025 innixus,
928 2023 930 2026 Ι

165 2029 291 2093 Diana
312 2029 433 2094 facem
456 2031 553 2094 iacit
576 2033 595 2094 at
618 2031 737 2095 laeva.

45 2187 81 2236 eo
100 2171 162 2247 Qui
189 2171 294 2255 magis
321 2171 400 2236 haec
432 2173 587 2254 erederet,
618 2172 646 2235 si
673 2175 794 2255 essent,
825 2193 921 2256 quam
950 2175 1110 2259 credebat,

101 2260 177 2343 quia
205 2259 417 2324 videbantur?
463 2262 609 2343 Apparet
636 2260 723 2324 enim
752 2259 819 2323 iam
847 2259 918 2324 ‘cor
939 2283 1014 2326 cum
1038 2284 1110 2329 oeu-

99 2348 141 2411 lis
174 2345 374 2412 consentire?
421 2346 538 2413 Omnia
570 2351 678 2412 autem
709 2348 789 2412 haec
821 2348 1042 2435 proferuntur,
1072 2354 1146 2422 uta

100 2435 179 2500 illud
193 2434 360 2520 efficiatur,
383 2457 445 2519 quo
465 2436 583 2500 certius
602 2436 686 2500 nihil
709 2438 915 2520 potestesse,
937 2438 1023 2502 inter
1041 2439 1110 2503 visa

100 2545 178 2588 vera
200 2529 234 2589 et
254 2523 339 2589 falsa
360 2524 401 2588 ad
425 2524 524 2588 animi
542 2525 714 2589 adsensum
731 2524 815 2589 nihil
838 2525 1003 2590 interesse.
1041 2524 1109 2592 Vos

101 2617 209 2676 autem
232 2613 316 2676 nihil
340 2613 452 2696 agitis,
481 2633 554 2677 oum
576 2613 635 2677 illa
657 2613 741 2677 falsa
763 2613 815 2676 vel
837 2611 1035 2678 furiosorum
1058 2614 1110 2679 vel

101 2701 333 2765 somniantium
346 2700 569 2765 recordatione
587 2699 732 2783 ipsorum
746 2700 903 2765 refellitis.
932 2698 1009 2765 Non
1023 2702 1110 2767 enim

100 2789 135 2851 id
158 2790 332 2871 quaeritur,
363 2787 467 2872 qualis
489 2789 668 2855 recordatio
691 2789 762 2853 fieri
785 2789 889 2854 soleat
911 2810 1032 2874 eorum,
1055 2789 1110 2874 qui
1123 2804 1147 2844 ²⁵

101 2877 277 2958 experrecti
301 2876 375 2959 sint,
399 2878 602 2960 aureorum,
626 2878 680 2960 qui
702 2877 810 2943 furere
832 2876 1030 2962 destiterint,
1055 2879 1111 2943 sed

101 2963 207 3047 qualis
221 2964 302 3028 visio
320 2963 419 3028 fuerit
438 2966 495 3027 aut
513 2965 688 3029 furentium
707 2968 764 3030 aut
781 2965 1013 3030 somniantium
1032 2970 1111 3050 tum,

101 3067 180 3115 cum
197 3052 419 3116 mouebantur.
466 3050 528 3117 Sed
551 3054 632 3120 abeo
656 3075 676 3117 a
699 3053 856 3119 sensibus.

47 3169 80 3217 91
168 3137 251 3215 Quid
283 3143 346 3224 est,
383 3141 470 3226 quod
501 3141 626 3206 ratione
665 3142 788 3226 percipi
823 3139 950 3226 possit?
1002 3139 1111 3206 Diale·

101 3228 216 3292 ctioam
239 3228 405 3293 inventam
428 3249 497 3293 esse
522 3229 629 3294 dicitis
658 3231 726 3294 veri
754 3233 787 3294 et
817 3229 894 3294 falsi
921 3229 1013 3313 quasi
1047 3230 1110 3294 dis·
1124 3245 1151 3286 w

100 3316 308 3399 captatrieem
322 3321 355 3381 et
377 3317 524 3382 iudicem.
561 3315 661 3383 Cuius
675 3318 744 3384 veri
763 3322 795 3382 et
816 3317 915 3383 falsi?
938 3320 972 3382 et
993 3317 1116 3402 inqua

34 3472 42 3480 ,
99 3402 157 3467 re?
202 3403 240 3469 ln
263 3407 483 3490 geometriane
507 3406 584 3491 quid
607 3407 651 3490 sit
671 3429 785 3498 perum
808 3411 874 3506 aut·
887 3405 1020 3494 falsum,
1044 3406 1112 3471 dia·

93 3491 233 3575 lecticas
254 3493 422 3582 iudicabit,
435 3515 487 3573 >an
510 3494 755 3582 inslitteri'span
778 3484 1055 3592 in'riiusicistAt
1074 3515 1114 3559 ea
