2356 3870
262 140 331 210 LIB.
349 153 371 211 1.
400 153 476 209 CAP.
496 159 582 209 1-3.
611 160 626 221 ξ
644 160 731 211 3-8.
959 157 1004 222 95

34 339 73 383 ae
99 320 133 382 et
161 316 330 401 splendide
353 317 439 382 dicta
466 317 533 382 sint
558 338 661 401 neque
689 318 756 389 sint
785 340 940 384 conversa
962 321 1004 386 de

32 404 145 474 asom?
186 403 274 470 Nam
297 405 326 469 si
349 403 456 471 dicent
479 405 519 470 ab
542 405 607 470 illis
631 405 690 470 has
713 427 765 470 res
788 428 860 471 esse
882 410 1001 474 tracta-

32 516 54 579 s,
85 515 128 558 ne
158 493 249 578 ipsos
280 493 410 577 quidem
442 491 583 560 Graecos
616 496 666 558 est
697 515 753 559 eur
783 497 853 560 tam
879 497 1002 563 multos

32 585 116 666 gant,
143 603 241 667 quam
268 581 397 666 legendi
425 584 510 647 sunt.
554 580 639 658 Quid
666 582 753 647 enim
783 586 833 647 est
856 605 875 647 a
898 581 1001 668 Chry·

32 692 85 755 ›po
123 669 387 754 praetermissum
421 670 457 735 in
494 667 639 735 Stoicis?
696 667 849 756 Legimus
891 675 1001 738 tamen

32 779 189 843 ogenem,
233 759 461 842 Antipatrum,
505 756 750 842 Mnesarchnm,
799 758 1000 847 Panaetium,

32 847 110 912 iltos
140 847 221 912 alios
252 846 288 912 in
319 846 495 932 primisque
516 845 711 911 familiarem
739 850 886 912 nostrum
909 847 1000 915 Posi·

32 936 133 1000 niam.
171 934 275 1012 Quid?
314 934 559 1018 Theophrastus
581 933 828 1000 mediocriterne
851 935 999 1021 delectat,

32 1047 61 1089 m
84 1027 207 1088 tractat
228 1023 318 1089 locos
342 1023 383 1088 ab
402 1022 579 1088 Aristotele
598 1025 673 1088 ante
694 1023 875 1089 tractatos?
898 1026 998 1110 quid?

32 1112 143 1177 rieurei
169 1133 247 1177 num
275 1111 434 1177 desistunt
461 1112 500 1176 de
527 1111 655 1194 iisdem,
683 1109 723 1174 de
750 1112 866 1195 quibus
895 1118 928 1178 et
957 1116 998 1181 ab

32 1200 133 1266 »icuro
166 1201 322 1287 scriptum
355 1202 405 1264 est
436 1203 469 1264 et
498 1199 540 1264 ab
568 1199 724 1284 antiquis,
757 1199 797 1264 ad
829 1201 999 1269 arbitrium

32 1311 82 1354 rm
117 1286 280 1354 seribere?
335 1287 457 1365 Quodsi
485 1286 599 1353 Graeci
630 1287 783 1372 leguntur
815 1311 834 1354 a
867 1289 998 1356 Graecis

32 1379 103 1444 dem
128 1377 167 1442 de
188 1378 286 1442 rebus
306 1376 370 1442 alia
392 1376 517 1441 ratione
536 1376 739 1460 compositis,
764 1375 840 1460 qnid
863 1383 921 1464 est,
943 1400 999 1445 cur

32 1466 93 1532 stri
117 1488 138 1531 a
159 1465 279 1532 nostris
302 1486 368 1530 non
389 1463 560 1550 legantur?

53 1554 273 1640 Quamquam,
300 1554 329 1617 si
357 1553 453 1638 plane
481 1553 528 1618 sic
553 1555 713 1618 verterem
740 1551 912 1620 Platonem
942 1529 1039 1654 aut?

32 1642 213 1727 istotelem,
235 1646 272 1707 ut
294 1644 460 1707 verterunt
476 1640 581 1707 nostri
604 1644 719 1725 po'e'tae
742 1639 880 1726 fabulas,
903 1644 998 1727 male,

32 1732 97 1815 ado,
126 1752 266 1795 mererer
291 1730 331 1795 de
357 1729 438 1795 meis
466 1729 604 1812 civibus,
632 1728 660 1793 si
688 1728 728 1794 ad
756 1749 866 1794 eorum
889 1732 998 1816 cogni·

32 1841 111 1886 nem
135 1819 244 1884 divina
265 1818 325 1883 illa
346 1816 478 1904 ingenia
499 1816 718 1883 transferrem.
755 1815 817 1882 Sed
839 1818 873 1883 id
894 1840 998 1904 neque

32 1909 49 1972 :i
78 1906 184 1973 adhuc
211 1928 271 1972 nec
300 1906 381 1971 mihi
407 1909 530 1990 tamen,
562 1927 604 1970 ne
630 1905 763 1988 faciam,
789 1906 998 1972 interdictum

32 2001 76 2062 lo.
131 1994 234 2061 Locos
265 1995 393 2097 quidem
417 1994 593 2096 'quosdam
627 1993 655 2058 si
686 1993 861 2097 videbitur,
878 1999 999 2097 ,trans-

32 2083 579 2257 disturbabant?
587 2082 999 2258 ,adnihilati

32 2261 145 2327 rarius
182 2282 202 2326 a
236 2258 412 2347 Menandro
449 2261 541 2325 solet.
593 2256 663 2324 Neo
693 2280 784 2344 vero,
819 2262 856 2325 ut
887 2265 1000 2327 noster

32 2348 147 2433 cilius,
179 2348 349 2432 recusabo,
386 2369 449 2432 quo
481 2348 589 2414 minus
621 2369 732 2412 omnes
768 2369 842 2413 mea
876 2349 999 2434 legant.

32 2439 126 2504 inam
153 2440 237 2501 esset
263 2436 320 2501 ille
346 2435 487 2501 Persius!
545 2433 655 2519 Scipio
682 2456 758 2500 vero
791 2438 824 2500 et
854 2435 999 2502 Rutilius

32 2526 90 2591 rito
115 2526 214 2590 etiam
232 2525 352 2610 magis,
375 2545 512 2608 quorum
533 2524 588 2589 ille
611 2523 765 2588 iudicium
784 2523 999 2590 reformidans

32 2612 177 2679 sentinis
204 2614 251 2678 ait
278 2633 312 2677 se
345 2615 378 2677 et
405 2610 611 2678 Consentinis
644 2613 677 2676 et
704 2609 819 2676 Siculis
848 2612 998 2679 scribere.

32 2706 106 2768 cete
130 2701 163 2765 is
189 2701 332 2785 quidem,
365 2700 448 2765 sicut
475 2700 554 2783 alia,
588 2700 644 2765 sed
677 2721 779 2784 neque
810 2703 879 2765 tam
910 2701 998 2766 docti

32 2813 56 2856 n
86 2793 193 2873 erant,
222 2790 262 2854 ad
289 2810 426 2873 quorum
453 2787 605 2854 iudicium
633 2787 829 2872 elaboraret,
861 2791 894 2852 et
921 2793 998 2855 sunt

32 2880 76 2944 lus
106 2877 228 2960 scripta
254 2877 392 2956 leviora,
418 2879 456 2942 ut
482 2875 650 2942 urbanitas
678 2898 804 2941 summa
832 2881 997 2961 appareat,

32 2966 136 3032 ctrina
153 2964 334 3031 mediocria
362 2964 436 3050 Ego
450 2967 558 3030 autem
576 2984 671 3047 quem
688 2964 819 3029 timeam
833 2965 996 3049 lectorem,
1015 2987 1033 3035 a

32 3077 62 3121 m
79 3055 122 3121 ad
139 3057 173 3118 te
191 3075 233 3118 ne
250 3051 382 3120 Graecis
406 3053 534 3137 quidem
553 3053 718 3117 cedentem
735 3053 770 3117 in
787 3053 997 3138 philosophia

32 3143 123 3209 deam
155 3141 316 3207 scribere?
366 3162 559 3226 quamquam
592 3164 611 3208 a
642 3144 676 3206 te
707 3141 840 3225 ipsoid
867 3142 997 3226 quidem

32 3231 71 3299 io
97 3234 296 3315 provocatus
319 3229 505 3315 gratissimo
527 3229 609 3295 mihi
637 3230 736 3315 libro,
764 3250 859 3313 quem
881 3230 922 3294 ad
944 3250 996 3293 me

51 3318 176 3385 virtute
203 3318 330 3384 misisti.
381 3315 444 3383 Sed
467 3341 507 3383 ex
533 3340 572 3384 eo
599 3319 694 3384 credo
721 3317 913 3402 quibusdam
935 3338 997 3383 usu

32 3405 399 3492 circulationem
426 3428 448 3470 a
473 3405 613 3491 Latinis,
644 3406 730 3490 quod
759 3405 931 3470 inciderint
960 3405 997 3470 in

32 3495 111 3563 mlta
131 3494 292 3581 quaedam
315 3498 348 3560 et
370 3493 516 3581 horrida,
543 3495 701 3560 damulis
724 3492 856 3559 Graecis
879 3491 996 3558 Latine
