2346 3876
307 92 373 196 Lm.
388 142 426 198 Η.
455 141 532 198 OAP.
552 149 595 211 aa,
614 149 655 197 ιιι.
689 147 845 207 §so-ea.
1024 143 1070 207 ὅτ

56 301 121 368 Sed
144 303 188 368 ab
211 303 273 369 hoc
297 305 434 384 credulo,
456 305 512 389 qui
533 326 710 389 numquam
729 326 842 369 sensus
861 306 990 370 mentiri
1010 328 1068 390 pu·

55 395 115 475 tat,
138 391 351 457 discedamus.
388 392 492 469 Quid?
514 414 555 457 ne
569 415 654 458 nunc
677 393 816 476 quidem,
839 415 911 458 cum
934 394 990 458 ille
1011 394 1069 475 sol,

56 480 112 564 qui
135 482 233 545 tanta
254 479 444 546 incitatione
467 480 584 565 fertur,
612 485 660 564 ut,
684 480 832 545 celeritas
856 481 924 545 eius
947 485 1069 565 quanta

57 568 113 652 sit,
136 589 187 652 ne„
203 569 342 654 cogitari
366 569 493 654 quidem
515 569 634 654 possit,
663 573 773 634 tamen
794 569 889 634 nobis
913 572 998 634 stare
1021 570 1067 634 vi·

33 656 195 721 adeatur?
241 655 303 721 Sed
325 659 363 722 ut
384 658 528 723 minuam
551 657 818 741 controversiam,
840 657 955 740 videte,
973 679 1067 740 quae·
1087 680 1124 729 sa

58 766 104 829 so,
128 766 227 828 quam
250 746 285 809 in
307 767 407 830 parvo
430 746 471 810 lis
491 745 542 809 sit.
580 744 740 821 Quattuor
753 748 829 809 sunt
847 745 964 828 capita,
986 766 1067 829 quae

59 833 256 899 concludant
272 833 356 898 nihil
370 855 450 918 esse,
468 832 553 917 quod
565 833 667 917 nosci,
688 834 820 917 percipi,
842 833 1069 916 comprehendi

58 921 179 1005 possit,
216 920 255 984 de
287 943 350 1005 quo
384 921 464 986 haec
498 925 570 986 tota
603 922 749 1006 quaestio
783 925 840 986 est.
889 920 918 985 Ε
952 922 1068 1005 quibus

58 1009 202 1093 primum
224 1012 362 1074 estesse
381 1009 510 1093 aliquod
533 1009 638 1075 visum
660 1010 787 1093 falsum,
809 1009 983 1075 secundum
1002 1032 1069 1075 nou

27 1117 49 1156 ro
59 1117 155 1180 posse
182 1097 217 1161 id
239 1097 371 1182 percipi,
391 1098 538 1181 tertium,
560 1098 647 1162 inter
662 1120 750 1182 quae
773 1098 844 1162 visa
866 1098 948 1162 nihil
970 1098 1068 1163 inter·

60 1186 114 1269 sit,
146 1184 218 1249 fieri
246 1207 313 1251 non
342 1208 451 1270 posse,
482 1190 653 1251 uteorum
683 1186 749 1251 alia
779 1186 901 1288 percipi
933 1187 1069 1272 possint,
1101 1198 1104 1203 '

61 1273 125 1338 alia
146 1295 215 1338 non
244 1273 384 1358 possint,
416 1277 567 1358 quartum
588 1274 716 1338 nullum
739 1297 808 1339 esse
831 1275 935 1339 visum
958 1297 1069 1339 verum

60 1383 191 1427 asensu
213 1362 402 1446 profectum,
425 1363 478 1427 cui
499 1384 566 1428 non
588 1362 772 1446 adpositum
790 1364 833 1427 sit
850 1363 955 1428 visum
974 1362 1071 1445 aliud,

61 1450 146 1534 quod
170 1450 212 1514 ab
236 1471 274 1516 eo
292 1449 374 1515 nihil
396 1451 534 1533 intersit,
557 1450 706 1535 quodque
727 1451 850 1534 percipi
866 1474 933 1516 uon
954 1451 1068 1535 possit.

30 1557 49 1597 ιι
60 1537 188 1605 Horum
211 1541 365 1622 quattuor
387 1539 531 1622 capitum
554 1539 728 1604 secundum
752 1543 784 1603 et
806 1539 938 1603 tertium
957 1560 1069 1603 omnes

61 1626 254 1692 concedunt·
227 1627 416 1710 t,primum
429 1626 590 1728 Epicurus
608 1649 675 1693 uon
698 1628 765 1710 dat,
788 1649 856 1708 vos,
879 1628 1070 1711 quibuscum

60 1735 110 1780 res
130 1719 191 1798 est,
213 1714 248 1778 id
266 1736 396 1799 quoque
415 1714 597 1779 conceditis
630 1713 741 1780 Omnis
765 1736 875 1800 pugna
898 1714 936 1778 de
954 1719 1069 1815 quarto

45 1807 117 1871 ast
173 1765 237 1878 Qui
270 1803 374 1886 igitur
401 1801 437 1866 P
467 1799 637 1867 Servilium
665 1802 837 1869 Geminum
866 1802 1010 1885 videbat,
1042 1803 1069 1866 si
1088 1825 1124 1874 84

61 1889 217 1992 Quintum
245 1911 279 1954 se
310 1890 418 1955 videre
450 1891 603 1975 putabat,
634 1891 837 1956 incidebat
828 1914 863 1956 111
891 1891 959 1955 eius
982 1853 1070 1957 niodi

33 1979 182 2062 irrisum,
209 1978 295 2062 quod
316 1979 440 2062 percipi
462 2001 529 2043 uon
551 1982 677 2064 posset,
704 1980 781 2064 quia
802 1980 893 2044 nulla
914 1984 994 2045 nota
1016 2000 1069 2045 ve·

61 2088 131 2131 rmn
155 2066 419 2152 distinguebatur
441 2088 460 2130 a
482 2067 581 2150 falso,
610 2089 674 2150 qua
703 2068 909 2133 distinctione
939 2068 1069 2133 sublata

62 2177 157 2240 quam
195 2154 333 2220 haberet
369 2156 405 2220 in
437 2152 471 2220 O.
500 2153 610 2238 Cotta,
649 2156 704 2240 qui
742 2156 792 2220 bis
829 2178 901 2221 oum
932 2156 1067 2221 Gemino

62 2243 174 2309 consul
196 2242 274 2322 fuit,
300 2243 505 2329 agnoscendo
529 2244 597 2308 eius
620 2243 707 2308 modi
728 2248 854 2329 notam,
882 2266 963 2329 quae
986 2244 1070 2308 falsa

62 2353 127 2396 esse
150 2353 220 2397 non
241 2331 373 2416 posset?
417 2330 527 2416 Negas
550 2335 677 2396 tantam
701 2333 944 2398 similitudinem
966 2334 1000 2396 in
1021 2354 1069 2396 re·

33 2437 131 2484 trum
155 2423 274 2486 natura
293 2423 373 2485 esse.
406 2418 536 2504 Pugnas
552 2421 692 2504 omnino,
716 2421 771 2485 sed
794 2443 866 2485 oum
885 2421 1069 2485 adversario

61 2506 159 2573 facili.
199 2505 251 2572 Ne
274 2508 319 2572 sit
340 2528 431 2591 sane;
453 2507 555 2572 videri
573 2512 658 2572 certe
679 2512 798 2592 potest.
842 2508 948 2572 Fallet
969 2508 1072 2592 igitur

63 2617 206 2679 sensum,
238 2599 271 2660 et
300 2597 329 2661 si
351 2618 416 2660 una
441 2593 591 2660 fefelleiit
619 2596 808 2681 similitudo,
841 2595 938 2660 dubia
960 2596 1070 2660 omnia

62 2683 244 2749 reddiderit.
281 2681 416 2749 Sublato
440 2685 525 2748 enim
547 2683 665 2748 iudicio
687 2684 754 2767 illo,
777 2706 839 2769 quo
864 2687 992 2768 oportet
1014 2704 1069 2768 ag·

63 2773 166 2856 nosci,
196 2772 324 2836 etiamsi
345 2772 416 2856 ipse
439 2771 512 2854 erit,
543 2792 636 2854 quem
658 2773 790 2856 videris,
822 2772 877 2857 qui
899 2772 961 2837 tibi
983 2772 1070 2838 vide·

34 2859 163 2944 abitur,
196 2863 308 2924 tamen
328 2881 395 2925 non
418 2881 457 2924 ea
477 2861 557 2924 nota
579 2860 754 2944 iudicabis,
781 2882 845 2944 qua
873 2860 951 2924 dicis
976 2883 1070 2945 opor-

63 2951 135 3033 tere,
153 2910 197 3012 'uc
215 2969 281 3013 non
304 2949 409 3032 possit
429 2969 499 3012 esse
518 2947 661 3013 eiusdem
678 2911 766 3013 modi
788 2948 881 3014 falsa
934 2948 1068 3025 Quando
1088 2969 1123 3020 85

63 2999 161 3120 igitir
193 3039 304 3120 potest
333 3036 395 3101 tibi
425 3035 461 3100 P
493 3034 647 3101 Geminus
681 3036 819 3112 Quintus
849 3037 980 3122 videri,
994 3037 1070 3139 quid

63 3122 161 3190 habes
185 3124 358 3226 explorati,
382 3146 438 3189 cur
459 3145 526 3189 non
548 3125 687 3207 possitt
637 3125 734 3189 ttibi
758 3122 855 3189 Cotta
878 3126 991 3210 videri,
1015 3126 1070 3211 qui

63 3232 126 3277 non
149 3211 207 3296 sit,
231 3213 382 3296 quoniam
406 3212 528 3297 aliquid
550 3213 675 3278 videtur
698 3235 781 3297 esse,
804 3213 888 3297 quod
910 3236 976 3278 non
999 3211 1115 3277 est?

35 3297 181 3367 &Omnia
205 3299 284 3365 dicis
308 3300 358 3366 sui
380 3300 508 3386 generis
532 3323 616 3385 esse,
647 3301 732 3364 nihil
755 3323 825 3366 esse
854 3300 952 3383 idem,
984 3299 1070 3384 quod

66 3387 107 3452 sit
128 3387 227 3453 aliud.
269 3386 413 3454 Stoicum
436 3390 520 3453 istuc
544 3389 672 3473 quidem
694 3411 753 3455 nec
777 3388 948 3453 admodum
971 3387 1069 3451 credim

65 3473 135 3554 bile,
160 3475 296 3541 ‘nullum
320 3499 390 3542 esse
413 3476 515 3561 pilum
539 3478 689 3542 omnibus
712 3477 810 3542 rebus
832 3474 945 3559 talem,
966 3475 1075 3559 qualis

1152 3414 1165 3515 l
