2346 3876
226 238 229 242 ⁸
309 164 377 219 Lm.
396 165 443 222 1V.
472 163 551 221 cAP.
572 171 692 222 15—1'1.
720 169 876 231 §aa-40.
1030 165 1097 231 405

85 326 253 410 totiusque
276 325 387 389 mundi
409 329 489 391 nota
511 326 554 391 sit
576 325 789 410 magnitudo?
831 325 917 391 Nam
940 326 1017 410 quid
1040 331 1097 392 ant

86 414 122 477 in
147 413 262 477 studiis
286 413 435 477 humanis
459 417 516 478 aut
538 415 572 478 in
593 418 662 478 tam
686 414 803 498 exigua
827 415 986 479 brevitate
1009 415 1096 480 vitae

86 521 243 586 magnum
267 501 407 584 sapienti
430 502 532 566 videri
554 505 676 585 potest,
699 503 755 586 qui
773 524 899 585 semper
916 503 1025 566 animo
1050 503 1096 566 sic

87 589 240 671 excubat,
267 593 304 652 ut
327 588 356 653 ei
378 588 461 653 nihi]
484 589 684 672 inprovisum
708 591 851 655 accidere
873 591 990 674 possit,
1012 590 1095 655 nihil

61 677 305 760 sinopinatum,
330 675 413 740 nihil
441 677 571 742 omnino
600 678 741 742 novum?
792 679 900 762 Atque
932 678 1017 742 idom
1048 679 1096 743 ita
1114 698 1148 749 38

86 786 194 828 acrem
213 765 248 828 in
266 765 370 830 omnis
388 765 490 848 partis
505 765 605 828 aciem
623 765 771 849 intendit,
788 769 825 831 ut
844 788 970 849 semper
988 766 1097 831 videat

87 853 196 916 sedem
224 853 287 917 sibi
315 873 352 916 ac
380 853 486 916 locum
514 852 582 917 sine
605 853 756 918 molestia
784 858 878 939 atque
907 874 1027 937 angore
1049 856 1095 920 vi·

86 940 197 1022 vendi,
220 943 264 1023 ut,
287 961 517 1024 quemcumque
536 961 645 1005 casum
663 941 795 1006 fortuna
816 942 985 1024 invexerit,
1010 942 1095 1007 hune

88 1032 163 1110 apte
184 1031 217 1091 et
238 1028 346 1110 quiete
367 1027 465 1112 ferat3
489 1028 574 1112 quod
598 1029 653 1113 qui
675 1029 787 1114 faciet,
808 1051 874 1095 non
892 1029 1095 1115 aegritudine

45 1139 74 1180 ro
87 1116 192 1180 solum
224 1115 366 1198 vacabit,
405 1116 459 1180 sed
496 1117 595 1181 etiam
631 1118 926 1200 perturbationibus
962 1119 1096 1203 reliquis

88 1203 247 1268 omnibus.
298 1202 359 1268 His
390 1207 498 1268 autem
527 1226 646 1270 vacuus
675 1206 801 1272 animus
829 1206 970 1289 perfecte
997 1210 1096 1291 atqua

88 1291 235 1355 absolute
257 1291 369 1356 beatos
393 1292 506 1376 efficit,
528 1292 676 1376 idemque
695 1295 875 1360 concitatus
899 1299 931 1360 et
955 1295 1096 1360 abstrac-

86 1384 140 1443 tus
160 1379 201 1443 ab
220 1379 348 1465 integra
366 1383 514 1464 certaque
532 1381 657 1446 ratione
675 1403 742 1447 non
755 1383 972 1448 constantiam
992 1384 1096 1448 solum

89 1468 225 1550 amittit,
247 1490 358 1532 verum
381 1468 479 1532 etiam
503 1469 683 1534 sanitatem.

50 1579 74 1620 15
155 1555 312 1631 Quocirca
334 1557 442 1621 mollis
466 1561 498 1620 et
522 1560 674 1620 enervata
695 1557 840 1643 putanda
862 1560 912 1622 est
931 1558 1094 1641 Peripate·

87 1644 226 1708 tinorum
245 1644 329 1707 ratio
349 1649 382 1708 et
400 1645 518 1728 oratio,
542 1645 597 1729 qui
618 1645 803 1726 perturbari
821 1646 946 1710 animos
964 1667 1095 1711 necesse

87 1732 199 1796 dicunt
217 1753 296 1814 esse,
316 1732 371 1795 sed
390 1732 544 1796 adhibent
563 1733 692 1797 modum
710 1732 878 1817 quendam,
896 1754 990 1816 quem
1009 1734 1096 1799 ultra

86 1819 237 1903 progredi
260 1841 325 1884 non
348 1824 505 1903 oporteat
550 1819 682 1885 Modum
705 1825 742 1884 tu
765 1821 899 1885 adhibes
924 1821 1026 1886 vitio?
1053 1844 1095 1886 an
1113 1842 1147 1893 39

87 1907 203 1970 vitium
221 1907 346 1971 nullum
366 1911 416 1972 est
438 1929 633 1990 non-parere
652 1908 793 1972 rationi?
817 1930 858 1973 an
878 1909 961 1974 ratio
980 1931 1095 1992 parum

51 2018 75 2058 a
87 1995 246 2078 praecipit
277 2016 335 2059 nec
375 1996 495 2060 bonum
531 1996 611 2059 illud
648 2018 733 2080 esse,
769 1995 854 2080 quod
892 2000 948 2061 aut
984 1998 1094 2081 cupias

88 2082 236 2147 ardenter
260 2087 316 2146 aut
338 2082 473 2167 adeptus
497 2083 619 2149 ecferas
641 2087 674 2149 te
697 2085 885 2164 insolenter,
915 2106 975 2149 nec
997 2107 1094 2169 porro

86 2171 224 2253 malum,
247 2193 309 2254 quo
333 2174 390 2235 aut
412 2176 585 2255 oppressus
612 2173 717 2237 iaceas
741 2178 810 2257 aut,
838 2195 879 2238 ne
903 2174 1094 2257 opprimam,

87 2263 196 2323 mente
218 2259 271 2343 vix
295 2261 446 2324 constes?
470 2282 571 2343 eaque
589 2261 698 2325 omnia
716 2265 773 2325 aut
789 2262 886 2326 nimis
910 2262 1017 2326 tristia
1040 2267 1096 2326 aut

86 2347 183 2412 nimis
211 2347 298 2411 laeta
325 2369 432 2413 errore
460 2348 543 2431 fieri,
570 2348 626 2430 qui
653 2369 742 2412 error
769 2349 879 2412 stultis
909 2352 1097 2414 extenuetur

51 2457 74 2498 rs
88 2434 152 2518 die,
180 2437 229 2517 ut,
257 2457 328 2500 cum
351 2457 402 2500 res
425 2435 536 2500 eadem
558 2440 701 2519 maneat,
731 2435 827 2499 aliter
847 2435 954 2500 ferant
975 2438 1095 2502 invete-

86 2527 172 2605 rata,
213 2523 309 2586 aliter
340 2525 496 2606 recentia,
533 2523 687 2607 sapientis
719 2544 760 2587 ne
792 2523 935 2608 attingat
965 2525 1094 2609 quidem

87 2609 240 2676 omnino?
275 2610 406 2675 Etenim
429 2611 501 2695 quis
525 2612 586 2675 erit
607 2612 738 2676 tandem
756 2610 870 2677 modus
893 2612 978 2676 istc?
1000 2635 1095 2696 quae·
1113 2635 1147 2684 4ο

86 2720 196 2763 ramus
216 2698 301 2762 enim
320 2699 450 2765 modum
468 2699 693 2784 aegritudinis,
715 2700 750 2763 in
772 2721 835 2783 qua
859 2721 974 2783 operae
997 2702 1094 2783 pluri-

87 2807 176 2851 mum
205 2787 345 2868 ponitur.
391 2787 497 2872 Aegre
524 2787 638 2853 tulisse
660 2787 695 2852 P.
718 2787 886 2871 Rupilium
913 2788 1023 2853 fratris
1046 2811 1094 2853 re·

48 2896 73 2938 ao
85 2875 216 2957 pulsam
243 2875 429 2940 consulatus
457 2875 612 2960 scriptum
636 2875 721 2958 apud
744 2875 904 2941 Fannium
930 2880 987 2943 est.
1033 2875 1094 2942 Sed

42 3029 44 3031 ,
85 2966 197 3027 tamen
223 2963 378 3027 transisse
405 2963 532 3027 videtur
559 2963 703 3041 modum,
730 2964 849 3047 quippe
880 2965 934 3048 qui
958 2966 999 3030 ob
1023 2987 1094 3029 eam

86 3071 217 3114 causam
232 3073 252 3114 a
265 3050 333 3115 vita
346 3052 528 3134 recesserit3
551 3051 747 3116 moderatius
762 3053 863 3136 igitur
876 3052 960 3116 ferre
974 3053 1094 3118 debuit.

86 3137 183 3221 Quid,
207 3138 248 3221 si,
271 3160 344 3202 cum
362 3139 395 3202 id
413 3139 511 3203 ferret
529 3139 668 3223 modice,
689 3161 777 3204 mors
795 3140 970 3205 liberorum
990 3160 1094 3204 acces·

86 3224 205 3290 sisset?
254 3223 342 3290 Nata
370 3231 456 3291 esset
484 3226 651 3312 aegritudo
678 3249 776 3312 nova,
804 3228 860 3292 sed
888 3249 925 3292 ea
954 3227 1092 3310 modica3

45 3332 206 3397 asmagna
232 3317 343 3378 tamen
369 3314 457 3379 facta
485 3318 570 3379 esset
597 3316 745 3379 accessio.
795 3315 893 3398 Quid,
921 3315 948 3378 si
978 3315 1094 3380 deinde

84 3401 210 3467 dolores
241 3422 355 3486 graves
379 3403 536 3486 corporis,
565 3403 593 3466 si
615 3403 773 3468 bonorum
797 3402 944 3485 amissio,
972 3403 1000 3466 si
1024 3423 1093 3468 cae·

84 3490 181 3574 citas,
214 3489 242 3553 si
274 3489 428 3555 exilium?
485 3487 520 3554 Si
555 3512 614 3573 pro
648 3491 786 3575 singulis
823 3490 917 3554 malis
955 3490 1094 3574 aegritu·
