2346 3876
118 177 183 242 268
278 177 326 232 DE
345 177 490 233 FINIBUS
508 176 688 233 BONORUM
705 176 754 232 ΕΤ
772 175 961 232 MALORUM

117 340 165 404 ita
196 339 348 404 definitur
378 361 398 404 a
430 337 560 422 Stoicis,
596 341 634 402 ut
668 334 793 423 negent
824 339 998 424 quicquam
1031 360 1118 423 posse

117 427 241 512 percipi
258 427 323 493 nisi
344 428 410 492 tale
428 448 554 510 verum,
576 427 669 510 quale
692 425 811 491 falsum
829 447 901 491 esse
922 448 991 492 non
1013 427 1119 511 possit.

117 515 231 599 Itaque
254 515 334 580 haec
356 536 429 580 cum
453 515 517 579 illis
541 517 591 579 est
613 514 784 598 dissensio,
808 534 881 579 cum
898 513 1118 598 Peripateticis

117 604 208 669 nulla
240 624 325 668 sane.
380 601 443 667 Sed
474 603 554 668 haec
586 603 789 685 omittamus3
819 602 945 667 habent
977 603 1063 667 enirn
1092 606 1119 665 et

66 709 98 757 77
118 692 199 756 bene
222 691 353 776 longam
377 694 410 754 et
432 690 512 755 satis
534 690 714 775 litigiosam
737 690 1002 774 disputationem.
1042 689 1138 754 llluds

118 780 198 844 mihi
221 801 240 844 a
262 782 295 843 te
317 779 454 844 nimium
476 778 667 843 festinanter
689 778 810 843 dictum
833 778 975 862 videtur,
1002 779 1119 862 sapien·

117 868 160 932 tis
197 866 301 932 omnis
345 888 415 931 esse
458 888 585 950 semper
620 866 748 949 beat0s3
784 867 893 931 nescio
931 888 996 950 qno
1033 865 1119 931 modo

118 954 371 1040 praetervolavit
401 955 513 1019 oratio.
569 953 662 1029 Quod
690 954 755 1018 nisi
786 954 834 1018 ita
862 953 1018 1036 efficitur,
1048 973 1120 1039 quae

118 1043 362 1127 Theophrastus
385 1042 424 1106 de
446 1042 591 1125 fortuna,
614 1043 653 1106 de
677 1040 799 1120 dolore,
829 1042 867 1106 de
891 1043 1040 1107 cruciatu
1061 1063 1120 1106 cor·

117 1132 206 1215 poris
231 1130 326 1214 dixit,
349 1152 422 1195 cum
445 1130 562 1214 quibus
585 1130 737 1215 coniungi
755 1131 858 1195 vitam
881 1130 1015 1195 beatam
1036 1129 1119 1195 nullo
1131 1154 1149 1191 a

119 1219 214 1284 modo
237 1240 333 1302 posse
355 1218 496 1302 putavit,
519 1239 644 1302 vereor,
665 1239 707 1282 ne
730 1239 808 1284 vera
827 1218 899 1283 sint.
936 1217 1026 1284 Nam
1047 1217 1121 1282 illud

118 1306 324 1371 vehementer
345 1310 519 1391 repugnat,
543 1307 678 1372 eundem
700 1307 833 1372 beatum
861 1327 932 1371 esse
958 1312 993 1371 et
1015 1305 1120 1372 multis

118 1394 212 1459 malis
244 1415 443 1478 oppressum.
493 1393 583 1459 Haec
610 1416 673 1479 quo
701 1394 797 1460 modo
826 1395 1035 1479 conveniant,
1061 1415 1121 1458 non

119 1505 196 1549 sane
219 1483 381 1566 intellego.
420 1481 538 1547 Utrum
560 1483 663 1568 igitur
685 1482 760 1564 tibi,
782 1483 901 1566 inquit,
923 1505 992 1548 non
1014 1483 1122 1567 placet,

118 1571 287 1637 virtutisne
311 1591 381 1635 esse
404 1573 532 1635 tantam
554 1571 634 1652 vim,
657 1575 694 1635 ut
717 1570 757 1634 ad
781 1571 874 1635 beate
899 1569 1070 1636 vivendum
1091 1589 1149 1634 seu

118 1660 191 1744 ipsa
218 1662 372 1724 contenta
400 1658 466 1723 sit?
495 1681 548 1742 an,
577 1658 605 1723 si
631 1658 666 1722 id
691 1658 825 1742 probas,
856 1659 1008 1745 fierixita
1033 1678 1123 1742 posse

118 1768 232 1832 negas,
260 1751 297 1811 ut
323 1747 359 1829 ii,
388 1746 442 1830 qui
469 1747 600 1810 virtutis
630 1749 795 1829 compotes
823 1747 903 1830 sint,
931 1747 1033 1811 etiam
1061 1745 1123 1830 qni-

118 1836 254 1900 busdam
288 1834 384 1899 malis
412 1834 519 1899 affecti
551 1835 640 1899 beati
667 1834 754 1899 sint?
777 1834 915 1920 —Ego
945 1856 1024 1900 vero
1055 1833 1122 1900 volo

104 1923 152 1988 ¹in
180 1924 298 1989 virtute
325 1922 392 1987 vim
419 1944 489 1988 esse
517 1945 613 2007 quam
635 1923 823 2007 maximam3
851 1922 908 1986 sed
932 1926 1056 2006 quanta
1077 1922 1124 2004 sit,

119 2011 214 2095 alias3
236 2033 321 2075 nunc
342 2014 482 2095 tantum,
505 2011 650 2096 possitne
678 2032 748 2075 esse
770 2015 875 2093 tanta,
905 2011 934 2075 si
957 2012 1153 2095 quicquamst

67 2120 100 2168 78
119 2103 210 2164 extra
232 2100 386 2163 virtutem
413 2099 573 2166 habeatur
599 2100 634 2162 in
660 2098 764 2163 bonis.
808 2097 924 2183 Atqui,
955 2099 1077 2183 inquit,
1098 2098 1124 2160 si

120 2185 237 2251 Stoicis
256 2186 416 2270 concedis,
433 2191 471 2252 ut
488 2187 592 2252 virtus
612 2187 695 2270 sola,
719 2187 746 2250 si
766 2187 864 2269 adsit,
886 2187 991 2250 vitam
1010 2186 1125 2251 efficiat

119 2275 259 2357 beatam,
277 2273 422 2339 concedis
442 2275 541 2339 etiam
559 2275 791 2358 Peripateticis.
827 2273 915 2350 Quae
935 2274 1024 2338 enim
1043 2273 1124 2338 mala

119 2362 251 2428 illinon
270 2362 389 2427 audent
407 2363 584 2446 appellare,
608 2384 723 2446 aspera
741 2366 849 2427 autem
870 2365 902 2425 et
922 2361 1124 2427 incommoda

120 2455 154 2516 et
175 2450 336 2516 reicienda
359 2453 391 2515 et
413 2450 518 2515 aliena
540 2454 676 2515 naturae
700 2471 769 2515 esse
793 2449 983 2534 concedunt,
1008 2472 1047 2514 ea
1069 2468 1154 2514 nosu

120 2540 207 2604 mala
234 2538 384 2620 dicimus,
411 2538 467 2602 sed
495 2539 611 2621 exigua
640 2540 673 2602 et
699 2559 802 2621 paene
831 2537 975 2602 minima.
1023 2537 1125 2613 Quare

121 2628 148 2692 si
171 2629 371 2711 potestesse
395 2626 509 2690 beatus
532 2627 575 2704 is,
598 2626 653 2710 qui
677 2630 727 2690 est
749 2627 784 2690 in
802 2625 925 2709 asperis
944 2624 1125 2690 reiciendis·

120 2735 182 2798 que
200 2714 318 2794 ¹rebus,
346 2716 455 2797 potest
481 2714 509 2778 is
537 2735 663 2798 quoque
687 2736 771 2798 esse,
799 2714 854 2797 qui
883 2717 934 2777 est
960 2713 997 2777 in
1019 2713 1125 2798 parvis

121 2801 225 2866 malis.
271 2800 315 2865 Et
338 2821 412 2885 ego:
439 2800 529 2885 Piso,
551 2802 685 2885 inquam
692 2853 701 2884 ,
728 2802 757 2866 si
785 2804 839 2885 est
857 2800 1044 2886 quisquam,
1073 2800 1126 2886 qui

122 2893 213 2953 acute
235 2890 271 2952 in
294 2889 399 2952 causis
422 2888 530 2953 videre
554 2890 670 2973 soleat,
698 2911 780 2974 quae
807 2910 859 2953 res
883 2893 1014 2973 agatur,
1043 2889 1073 2954 is
1096 2908 1159 2953 esu

16 3042 20 3057 ,
120 2976 265 3062 profecto
295 2979 341 3040 tu.
397 2975 502 3052 Quare
537 2977 680 3058 attende,
714 2999 842 3061 quaeso.
895 2976 983 3042 Nam
1017 2976 1128 3060 adhuc,

120 3087 193 3130 mec
216 3063 355 3127 fortasse
378 3063 472 3147 vitio,
495 3063 570 3148 quid
594 3085 654 3150 ego
678 3085 844 3148 quaeram,
870 3086 938 3131 nou
964 3065 1128 3149 perspicis.

120 3152 198 3218 Istic
235 3172 318 3233 sum,
355 3151 475 3235 inquit,
510 3157 737 3236 exspectoque,
769 3153 845 3236 quid
881 3153 923 3217 ad
958 3153 1009 3237 id,
1045 3151 1129 3237 quod

121 3239 325 3326 quaerebam,
348 3238 553 3321 respondeas.

67 3306 108 3369 27
187 3325 400 3410 Respondebo
428 3346 480 3389 me
507 3347 573 3390 non
600 3349 765 3411 quaerere,
794 3328 942 3412 inquam,
964 3329 1029 3394 hoc
1051 3333 1129 3393 tem·
1142 3351 1164 3392 a

68 3383 101 3432 ⁷⁹
119 3436 213 3499 pore,
236 3414 313 3499 quid
336 3412 439 3477 virtus
463 3411 589 3477 efficere
610 3417 731 3498 possit,
759 3415 815 3480 sed
842 3415 919 3500 quid
943 3420 1131 3482 constanter

112 3503 254 3589 dicatur,
288 3500 366 3588 quid
399 3500 507 3588 ipsum
538 3522 559 3566 a
590 3523 624 3567 se
655 3503 834 3568 dissentiat
894 3501 980 3583 Quo,
1017 3505 1131 3589 inquit,
