2356 3870
303 142 373 197 ula.
392 143 426 198 Π.
454 142 673 200 capua-19.
701 149 856 209 §ee-eo.
1026 143 1090 206 145

113 295 186 365 hodie
209 306 256 367 est
282 307 391 368 noster
417 303 605 389 Pompeius,
633 306 684 370 cui
711 310 798 371 recte
825 306 955 371 facienti
984 306 1089 390 gratia

40 357 52 484 ἓ
111 388 319 485 esthabenda3
346 413 417 458 esse
440 392 526 456 enim
554 415 651 478 quam
678 393 777 459 vellet
804 394 932 477 iniquus
960 398 1090 477 poterat

40 533 48 572 ,
107 495 220 559 inpune.
256 480 362 556 Quam
382 481 581 545 multavere
605 482 723 546 iniuste
745 481 817 546 fieri
838 485 985 565 possunt,
1007 502 1089 565 quae

104 583 177 630 nemo
197 568 302 650 possit
319 567 564 651 reprehendere!
602 567 637 634 Si
660 573 692 633 te
712 571 833 633 amicus
850 573 927 632 tuus
945 569 1087 633 moriens
1107 581 1141 627 58

84 654 257 739 erogaverit,
290 659 328 719 ut
353 655 567 721 hereditatem
593 657 706 722 reddas
731 679 806 721 suae
832 657 935 737 filiae,
962 677 1021 720 nee
1039 679 1089 720 us·

97 743 237 895 tud
264 744 505 896 ggpppqqp
521 743 1088 897 iiiptihlidlliutfh{lqlil

94 938 175 983 curus
200 853 340 984 loiltasse
367 919 527 1002 redderet,
555 855 691 986 uthex.
718 854 1014 1003 Peducaeiapsex.
1043 855 1089 1001 h,

90 1005 113 1069 is
132 1007 185 1091 qui
207 1007 294 1071 hunc
320 1011 468 1072 nostrum
491 1008 622 1091 reliquit
649 1009 788 1093 effigiem
816 1011 849 1073 et
875 1007 1088 1072 humanitatis

62 1096 116 1157 aet
138 1095 314 1178 probitatis
342 1117 419 1160 suae
446 1095 565 1180 filium,
591 1117 664 1161 cum
691 1096 817 1179 doctus,
847 1100 917 1160 tum
945 1097 1088 1161 omnium

87 1182 130 1246 vir
159 1183 304 1266 optimus
336 1188 369 1248 et
400 1184 612 1265 iustissimus,
649 1206 722 1249 eum
760 1185 857 1249 sciret
887 1206 982 1257 nemo
1015 1205 1088 1247 eum

85 1273 230 1355 rogatum
272 1293 292 1335 a
332 1268 368 1338 C.
411 1271 538 1355 Plotio,
578 1273 684 1356 equite
725 1270 871 1337 Romano
913 1273 1088 1356 splendide,

83 1355 234 1441 Nursina,
258 1358 344 1424 ultro
367 1359 408 1424 ad
431 1359 599 1424 mulierem
618 1360 707 1425 venit
724 1360 816 1445 eique
836 1360 919 1424 nihil
942 1361 1087 1444 opinanti

83 1445 139 1511 viri
161 1447 353 1511 mandatum
376 1448 525 1530 exposuit
546 1447 821 1532 hereditatemque
842 1448 990 1512 reddidit.
1027 1447 1087 1512 Sed

56 1555 139 1619 uego
166 1555 208 1598 ex
234 1538 267 1598 te
297 1557 429 1620 quaero,
461 1536 613 1619 quoniam
645 1537 730 1600 idem
761 1541 797 1601 tu
829 1539 916 1601 certe
947 1535 1089 1617 fecisses,

82 1643 183 1687 nonne
206 1622 380 1708 intellegas
404 1645 442 1688 eo
465 1624 621 1689 maiorem
643 1624 710 1688 vim
733 1645 802 1688 esse
826 1628 978 1706 naturae,
1002 1624 1088 1707 quod

82 1709 142 1793 ipsi
174 1732 246 1793 vos,
278 1712 333 1795 qui
364 1711 473 1776 omnia
509 1712 548 1775 ad
576 1716 719 1776 vestrum
747 1712 950 1777 commodum
978 1714 1024 1793 et,
1051 1716 1088 1775 ut

83 1797 142 1881 ipsi
159 1798 283 1882 dicitis,
307 1799 348 1863 ad
365 1799 566 1882 voluptatem
585 1799 749 1881 referatis,
766 1803 877 1865 tamen
895 1820 934 1863 ea
950 1798 1088 1881 faciatis,

84 1887 241 1970 equibus
269 1892 425 1969 appareat
450 1909 517 1952 non
540 1888 741 1970 voluptatem
768 1909 840 1970 vos,
868 1888 924 1951 sed
947 1886 1088 1952 officium

57 1974 178 2057 sesequi,
196 1973 333 2059 plusque
351 1978 475 2040 rectam
492 1980 643 2039 naturam
662 1996 757 2059 quam
776 1977 935 2040 rationem
953 1997 1088 2057 pravam

85 2062 195 2126 velere.
240 2059 274 2126 Si
299 2062 423 2145 scieris,
445 2063 551 2146 inquit
573 2061 770 2146 Carneades,
798 2064 941 2146 aspidem
965 2064 1087 2128 occulte
1106 2069 1140 2117 59

86 2147 182 2215 latere
213 2151 355 2235 uspiam,
387 2155 420 2214 et
450 2150 534 2215 velle
562 2152 700 2234 aliquem
730 2152 966 2235 imprudentem
993 2173 1089 2234 super

87 2256 150 2301 eam
182 2238 338 2323 assidere,
369 2238 459 2304 euius
491 2260 578 2304 mors
610 2239 672 2303 tibi
700 2240 952 2305 emolumentum
980 2239 1089 2303 futura

86 2324 137 2409 sit,
160 2325 308 2410 improbe
335 2326 463 2409 feceris,
494 2327 558 2391 nisi
584 2327 761 2409 monueris,
792 2350 833 2392 ne
866 2327 1001 2410 assidat3
1032 2328 1088 2391 sed

60 2411 236 2496 simpunite
254 2418 376 2499 tamen3
400 2415 499 2479 scisse
517 2415 603 2479 euim
625 2418 658 2479 te
679 2416 752 2498 quis
771 2435 943 2499 coarguere
961 2416 1088 2497 possit?

86 2496 141 2565 Sed
162 2501 262 2566 nimis
280 2503 392 2566 multa.
428 2503 634 2586 Perspicuum
653 2507 704 2567 est
721 2503 822 2586 enim,
845 2502 910 2567 nisi
933 2502 1088 2585 aequitas,

86 2586 171 2669 fides,
202 2590 329 2654 iustitia
360 2591 606 2674 proficiscantur
637 2612 656 2654 a
686 2595 816 2675 natura,
852 2593 884 2654 et
918 2590 946 2654 si
979 2591 1088 2654 omnia

87 2672 158 2743 hwa
176 2677 218 2742 ad
236 2678 411 2743 utilitatem
429 2678 625 2761 referantur,
647 2681 752 2743 virum
773 2680 890 2744 bonum
908 2699 973 2742 non
990 2699 1087 2761 posse

86 2766 225 2867 reperiri,
247 2766 349 2867 deque
371 2767 424 2831 his
447 2767 542 2867 rebus
566 2769 647 2831 satis
665 2766 770 2868 multa
792 2767 827 2831 in
847 2767 967 2832 nostris
991 2767 1029 2830 de
1052 2788 1087 2829 re

40 2852 423 3007 lnpUb'llhednlslidilsiddrii
447 2854 717 3007 ἓέἰάῗηέᾶέεῗὲῗ]
746 2943 797 3006 vel
830 2945 1076 3026 temperantiam
1099 2906 1140 3032 163

105 3049 160 3095 uae
197 3033 248 3095 est
286 3031 463 3095 moderatio
501 3031 712 3114 cupiditatum
748 3030 868 3096 rationi
904 2994 1087 3097 oboediens}

122 3117 207 3183 tiene
236 3139 313 3203 ergo
339 3119 453 3202 pudori
477 3119 636 3202 consulat,
661 3119 784 3203 siquis
808 3120 876 3184 sine
903 3123 987 3184 teste
1015 3120 1087 3183 lihi-

40 3198 44 3249 l
88 3199 147 3271 diui
167 3206 305 3290 parcat?
330 3229 371 3271 an
395 3211 445 3272 est
467 3207 588 3291 aliquid
610 3229 667 3289 per
690 3229 724 3272 se
752 3207 859 3289 ipsum
882 3207 1086 3292 flagitiosum,

49 3292 208 3359 ‚emensi
234 3294 325 3359 nulla
353 3295 522 3360 comitetur
548 3294 703 3360 infamia?
756 3295 861 3371 Quid?
892 3295 994 3360 fortes
1025 3294 1087 3359 viri

89 3380 324 3467 voluptatumne
347 3383 479 3448 calculis
504 3383 669 3448 subductis
692 3384 851 3466 proelium
869 3383 990 3464 ineunt,
1013 3402 1086 3446 ran-

89 3468 209 3549 ninam
245 3491 304 3555 pro
340 3472 448 3553 patria
483 3471 695 3555 profundunt,
736 3492 777 3535 au
813 3470 951 3554 quodam
988 3470 1087 3534 animi

131 3580 185 3625 cro.
198 3584 241 3625 lv.
262 3587 280 3625 r.
889 3577 923 3626 10

40 620 45 660 l
