2356 3870
231 145 493 203 ARGUMENTUM
510 146 577 201 LIB.
596 146 643 204 IV.
874 147 938 213 201

42 303 197 359 vivendum
219 304 372 385 pertineat,
401 308 434 359 ut
462 305 601 360 introduci
629 305 741 362 omnino
768 324 824 362 non
850 307 942 377 possit

67 373 123 427 nisi
156 391 262 441 omma,
295 391 366 442 quae
397 375 476 444 legat
503 392 628 444 quaeque
656 375 766 444 reiciat,
794 377 831 430 ad
857 378 941 432 finem

40 485 46 497 .
83 444 310 499 conservandam
328 460 387 499 esee
411 445 529 513 primam
552 449 669 500 naturae
691 446 895 502 institutionem
913 449 943 501 et

52 514 176 569 hominis
203 517 332 569 naturam
359 516 492 569 tuendam
519 517 591 584 (cap.
621 517 672 583 11).
722 517 819 585 Itaque
847 533 942 571 omnes

40 628 42 645 .
69 586 117 652 qui
140 586 170 638 in
192 603 249 639 una
270 584 374 639 virtute
397 585 481 639 finem
504 587 623 654 ponant,
647 602 773 655 quaeque
797 585 884 641 Stoici
907 586 942 640 de

63 654 172 722 dicant,
200 671 234 708 ea
256 654 291 710 iis
314 655 472 710 communia
496 671 555 709 esse
578 672 641 709 cum
663 656 805 725 Pyrrhone
828 658 858 710 et
881 654 942 710 Ari-

50 741 119 792 quos
137 741 195 779 non
212 724 332 794 probent
349 726 420 794 (cap.
442 729 493 794 16).
530 725 604 779 Male
626 728 721 780 autem
739 726 861 792 Stoicos,
880 742 943 779 curn

40 812 134 847 nmum
162 795 267 849 bonnm
291 794 332 848 ite
354 795 544 864 pervenerint,
572 797 604 849 ut
626 811 643 848 a
665 798 766 850 natura
788 795 943 864 discedant,

61 866 97 919 ad
121 866 262 932 naturam,
285 867 318 918 ut
340 864 405 946 inde
428 865 532 933 agendi
548 865 687 946 principia
705 868 851 934 quaerant3
876 882 943 919 nam

40 935 944 1075 ’.111111111111111111111110111111ῐῖ

40 1074 102 1128 ›iis
127 1076 156 1128 et
180 1075 318 1129 actionem
337 1077 366 1128 et
388 1074 590 1144 appetitionem
610 1077 779 1130 commoveri
797 1077 868 1144 (cap.
890 1077 942 1144 11).

40 1143 152 1199 sCicero
167 1145 291 1199 ostendit
303 1144 333 1198 in
347 1144 528 1199 consectariis
540 1146 705 1214 Stoicorum,
721 1146 820 1215 quibus
835 1145 943 1200 efficere

42 1215 255 1283 omnebonum,
274 1215 340 1283 quia
352 1214 495 1269 laudabile
510 1214 558 1281 sit,
577 1231 637 1270 esse
650 1216 811 1283 honestum,
831 1215 944 1270 ceteris·

40 1301 50 1338 a
71 1285 108 1339 ad
132 1285 355 1339 concludendum
378 1285 462 1350 sumi,
487 1301 558 1352 quae
580 1301 637 1339 non
660 1287 848 1341 concedantur
870 1289 943 1355 (cap.

40 1355 115 1410 ‚cutis
130 1355 289 1410 Stoicorum
305 1354 536 1409 conclusiunculis
549 1356 636 1409 verba
651 1356 763 1426 corrigi,
783 1373 838 1411 non
852 1371 944 1411 mores

40 1424 86 1479 ari.
125 1424 207 1490 Quod
225 1424 314 1480 Stoici
332 1424 488 1478 constantia
506 1424 592 1479 totius
608 1426 751 1480 doctrinae
765 1428 844 1481 tanto
860 1441 944 1494 opere

40 1496 105 1560 rtur,
132 1494 263 1564 intellegi
289 1495 404 1561 debere,
432 1512 495 1548 cum
522 1495 595 1548 falsa
620 1497 836 1563 consequantur,
862 1495 945 1549 initia

40 1584 42 1613 r
64 1564 165 1632 quibus
187 1565 259 1618 haec
284 1567 500 1632 consequantur,
523 1564 585 1632 ipsa
603 1565 675 1618 falsa
694 1581 761 1618 esse.
799 1565 946 1618 Paradoxa

40 1634 187 1703 magnifica
205 1634 265 1688 visa
283 1651 357 1700 esse,
375 1651 440 1688 mox
458 1634 636 1704 splendorem
654 1634 779 1689 amisisse
798 1636 869 1702 (cap.
891 1637 943 1701 19).

54 1705 194 1758 Zenonem
217 1721 252 1759 ea
276 1705 316 1759 sic
338 1704 547 1773 interpretando
570 1703 693 1772 mollire,
715 1706 748 1758 ut
771 1703 834 1758 aliis
852 1703 946 1758 verbis

40 1773 124 1840 dicat,
154 1774 229 1842 quod
251 1776 371 1840 veteres;
399 1775 448 1828 sed
471 1775 494 1827 si
519 1774 656 1828 sententia
683 1775 781 1829 eadem
807 1773 856 1841 eit,
884 1790 944 1827 non

40 1843 945 1983 luetluet?llere&,tremiturslllittlttdl

41 1984 173 2038 constitui
188 2000 222 2037 ex
236 1985 363 2039 omnibus
377 1984 545 2053 commodis,
564 1984 613 2038 sed
626 1984 679 2051 ita,
698 1988 730 2039 ut
745 1985 829 2054 longe
844 1983 945 2038 ceteris

49 2054 215 2121 antecellat,
237 2071 289 2108 nec
311 2054 374 2122 plus
398 2054 522 2122 corporis
546 2056 575 2107 et
598 2055 718 2109 externis
741 2055 821 2110 bonis
844 2054 879 2108 ab
907 2053 944 2107 iis

40 2141 77 2177 ur
95 2141 179 2192 quam
197 2141 215 2178 a
233 2125 355 2192 Zenone,
374 2124 422 2192 qui
440 2139 473 2178 ea
491 2124 565 2178 bona
583 2141 639 2178 non
658 2125 782 2194 appellet
800 2127 870 2194 (cap.
889 2127 944 2194 21).

64 2194 98 2248 de
121 2210 151 2248 re
174 2195 281 2248 nullam
304 2211 363 2248 esse
389 2194 601 2262 dissensionem,
630 2195 768 2248 Zenonem
795 2196 945 2249 verborum

40 2255 148 2319 icentia
177 2280 235 2318 esse
263 2264 445 2331 delectatum,
474 2281 490 2318 a
513 2281 568 2331 quo
590 2265 701 2318 veteres
723 2265 787 2318 illos
810 2264 946 2319 Catonem

40 2350 169 2402 eposcere
191 2350 273 2403 posse
296 2336 366 2402 (cap.
386 2337 443 2403 22);
466 2333 649 2400 nequeenim
666 2334 720 2388 nisi
742 2334 866 2389 inaniam
883 2350 945 2388 ver-

64 2403 249 2457 differentiam
271 2404 413 2458 interesse.
454 2404 569 2458 Refutat
596 2403 696 2457 deinde
724 2403 820 2457 Cicero
845 2404 944 2471 simile,

40 2475 88 2527 'ato
114 2474 249 2528 docuerat
272 2491 366 2528 omnes
389 2473 552 2543 insipientes
570 2489 659 2542 aeque
678 2489 738 2526 esse
758 2473 944 2539 miseros31e·

40 2559 83 2596 em
101 2545 176 2596 enim
193 2542 327 2598 vitiorum
344 2543 404 2596 fieri
419 2544 542 2597 ostendit
556 2546 626 2612 (cap.
642 2549 675 2596 23
691 2546 720 2596 et
734 2545 787 2610 24).
814 2543 851 2595 Et
870 2543 945 2610 quod

43 2629 167 2667 crescere
180 2630 236 2667 non
254 2630 337 2682 posse
356 2613 478 2679 dicatur,
497 2615 526 2666 et
543 2613 607 2666 ideo
623 2614 716 2666 omnia
729 2612 800 2666 vitia
815 2613 946 2679 aequalia

40 2683 127 2752 potius
141 2700 175 2736 ex
188 2683 391 2751 inaequalitate
404 2683 538 2737 vitiorum
551 2682 681 2737 concludi
697 2683 798 2737 debere
811 2683 946 2736 virtutem

40 2769 64 2806 re
88 2756 159 2822 (cap.
179 2756 232 2822 24).
274 2754 306 2806 In
328 2754 379 2807 has
403 2770 498 2807 omnes
521 2753 665 2822 angustias
689 2753 798 2808 Stoicos
823 2752 945 2807 incidere

42 2841 56 2876 r
74 2823 227 2892 gloriosam
242 2823 465 2878 ostentationem.
494 2823 566 2876 Nam
584 2823 648 2877 tolli
661 2823 716 2876 iste
729 2823 837 2878 ratione
853 2823 946 2878 officia

40 2909 66 2946 ae
89 2893 241 2960 actionem,
265 2896 297 2946 ut
320 2894 357 2946 ab
379 2893 521 2958 Aristone3
547 2891 597 2945 sed
614 2891 773 2947 Aristonem
791 2893 945 2963 simplicius

56 2963 167 3018 Stoicos
184 2965 296 3017 versute
314 2963 444 3017 inducere
469 2962 532 3017 eliis
554 2962 712 3016 nominibus
731 2964 849 3018 eandem
868 2963 945 3019 diffe-

40 3051 72 3100 n,
92 3050 177 3102 quam
194 3036 303 3088 veteres
321 3033 462 3086 tenuerint
481 3035 552 3101 (cap.
572 3035 625 3100 25).
657 3032 831 3103 Prodgmena
847 3034 899 3088 illa
917 3036 946 3087 ct

40 3106 167 3172 regmena
185 3105 283 3158 eodem
301 3104 364 3157 loco
383 3102 493 3170 haberi,
513 3119 566 3169 quo
586 3103 621 3157 ab
635 3101 788 3158 Aristotele
802 3106 831 3158 et
845 3103 946 3158 ceteris

40 3173 65 3227 is
85 3173 206 3228 alumnis
225 3175 298 3227 bona
311 3172 435 3242 corporis
450 3174 479 3226 et
493 3174 606 3226 externa
622 3175 693 3242 (cap.
708 3177 761 3242 26).
789 3174 946 3239 Paradoxa,

40 3260 48 3295 s
70 3243 186 3312 propius
210 3242 363 3312 aspexerit,
390 3242 461 3297 nihil
483 3242 588 3296 habere
611 3243 786 3297 admirabile.
828 3241 946 3308 Similia,

58 3313 153 3368 omnia
170 3316 288 3382 peccata
305 3312 385 3381 paria
404 3329 464 3366 esse
484 3312 700 3379 demonstretur,
720 3312 866 3366 dissimilia
884 3327 945 3366 esse

40 3386 85 3452 17).
115 3382 233 3438 Omnino
253 3383 362 3438 Stoicos
381 3382 500 3437 maxime
519 3398 553 3437 eo
571 3382 641 3438 vitio
659 3383 762 3452 premi,
781 3383 853 3451 quod
875 3383 946 3435 duras

40 3452 95 3508 rins
114 3454 266 3508 sententias
286 3453 411 3507 obtinere
429 3453 519 3507 velint
537 3454 607 3523 (cap.
627 3458 681 3520 18).
