2346 3876
214 150 281 204 LIB.
300 151 334 206 IL
363 149 440 205 CAP.
459 155 572 204 46—47.
600 154 615 215 ὅ
637 153 785 203 ras-143.
968 147 1010 213 83

22 312 208 391 otest‚‘nisi
232 312 294 377 crit
316 312 469 396 gratuita
512 310 600 377 Nam
623 332 705 395 quae
728 311 894 395 voluptate
918 313 1013 396 quasi

22 401 146 467 lercede
162 400 277 485 aliqua*
287 401 327 465 ad
341 400 484 465 officium
496 399 682 483 impellitur,
705 421 821 463 canon
835 403 886 464 est
898 401 1011 478 virtus,

22 489 54 555 e'd
77 489 186 555 fallax
207 489 348 554 imitatio
373 488 600 572 simulatioque
614 489 753 552 virtutis.
789 487 876 552 Audi
899 492 1012 552 contra

22 579 91 663 los,
121 579 180 662 qui
200 598 320 643 nomen
347 577 528 642 honestatis
551 599 571 641 a
593 598 627 641 se
650 598 691 641 ne
714 575 860 659 intellegi
884 575 1014 660 quidem

22 666 127 749 icant,
157 665 225 730 nisi
251 665 350 748 forta,
383 665 468 749 quod
496 664 673 749 gloriosum
697 663 797 729 sitin
819 663 949 748 vulgus,
980 663 1014 728 id

22 757 178 821 ‚onestum
195 753 333 818 velimus
351 753 469 836 dicarc3
492 755 616 818 fontem
635 752 779 818 omnium
801 752 961 818 bonorum
979 752 1016 816 in

22 864 138 927 orpora
157 863 239 926 esse,
259 841 344 908 hano
361 862 520 924 normam,
542 841 626 905 hano
643 841 799 925 regulam,
821 839 904 905 hanc
922 861 1014 924 prae-

22 932 215 1017 criptionem
238 951 317 1009 esse,
331 932 478 1015 naturam
501 952 522 994 a
537 946 603 1013 qua
625 930 680 1013 qui
698 929 922 1010 aberravisset,
941 950 1014 993 eum

22 1040 192 1103 nmquam,
214 1017 293 1103 quid
313 1018 350 1082 in
366 1018 434 1083 vita
452 1021 650 1102 sequeretur,
666 1016 865 1082 habiturum.
899 1016 993 1083 Nihil
1017 1038 1066 1086 141

22 1107 203 1261 affl
223 1106 470 1259 {tillem
485 1106 924 1259 retardata
942 1127 1015 1170 Μ

22 1219 54 1348 de
76 1246 188 1348 mirina
204 1218 380 1348 (hominem
394 1217 500 1366 bladum
525 1286 558 1347 te
580 1216 772 1366 pdtaveris.'
801 1245 941 1348 Tantum
956 1216 1016 1348 nidic

22 1376 119 1456 erest,
146 1371 231 1456 quod
252 1375 304 1449 tu,
333 1393 405 1436 oum
429 1393 463 1437 es
487 1374 681 1454 commotus,
709 1370 877 1454 adsciscis,
903 1372 1016 1436 adsen-

22 1461 90 1545 iris,
121 1460 297 1544 adprobas,
319 1481 429 1524 verum
456 1459 552 1537 illud,
580 1463 715 1543 certum,
739 1459 1016 1543 comprehensum,

22 1550 208 1632 crocptum,
230 1551 352 1630 ratum,
381 1548 522 1631 firmum,
544 1547 645 1612 fixum
667 1548 717 1612 ris
741 1548 841 1630 deque
866 1569 903 1611 eo
925 1548 1017 1611 nulla

22 1638 133 1702 atione
155 1656 259 1719 neque
281 1635 361 1719 pelli
379 1656 481 1718 neque
500 1634 622 1711 moveri
645 1639 748 1719 potes,
772 1655 831 1719 ego
847 1634 929 1698 nihil
948 1635 1016 1700 eius

22 1724 90 1790 nodi
111 1745 184 1789 esse
198 1724 348 1806 arbitror,
371 1723 423 1788 cui
447 1722 649 1798 siadsensus
673 1723 743 1806 sim,
765 1744 831 1787 non
854 1722 1018 1787 adsentiar

22 1833 101 1897 sepe
129 1812 229 1896 falso,
262 1812 416 1895 quoniam
443 1832 519 1875 vera
542 1833 562 1876 a
589 1811 683 1876 falsis
709 1811 799 1875 nullo
833 1810 1017 1875 discrimine

23 1903 214 1985 operantur,
249 1899 442 1983 praesertim
474 1922 547 1964 cum
577 1898 698 1964 iudicia
728 1899 794 1963 ista
830 1898 1016 1964 dialecticae

22 1989 98 2053 lulla
121 1989 197 2053 sint

70 2076 180 2142 Venio
198 2076 284 2141 enim
307 2076 374 2139 iam
397 2075 438 2139 ad
460 2076 592 2140 tertiam
614 2079 740 2160 partem
758 2075 996 2160 philosophiae.
1021 2098 1071 2145 142

22 2164 106 2230 lliud
132 2163 288 2228 iudicium
314 2162 514 2250 Protagorae
538 2168 603 2248 est,
636 2164 692 2248 qui
718 2167 815 2247 putat
842 2164 877 2229 id
904 2165 1018 2248 cuique

22 2274 120 2318 'erum
138 2273 220 2335 esse,
243 2251 328 2337 quod
346 2252 460 2335 cuique
478 2252 633 2335 rideatur,
656 2252 746 2317 aliud
760 2251 1019 2337 Cyrenaicorum,

22 2340 451 2512 ttsplili‘itllussllltl
468 2339 1019 2493 tllttlttpttttttt

81 2479 91 2507 2
356 2479 366 2512 7
639 2477 642 2480 ’

22 2540 41 2582 ιι
70 2538 185 2582 rerum
216 2516 341 2581 notitiis
371 2521 405 2580 et
434 2517 471 2580 in
496 2517 664 2600 voluptate
696 2517 874 2581 constituit.
924 2515 1019 2581 Plato

22 2609 118 2670 ntem
132 2626 230 2669 omne
252 2603 405 2670 iudicium
424 2604 572 2668 veritatis
585 2605 818 2688 veritatemque
841 2604 944 2684 ipsam
964 2604 1018 2668 ab·

22 2695 138 2758 luctam
167 2692 208 2756 ab
232 2692 440 2776 opinionibus
468 2694 501 2756 ct
523 2714 543 2756 a
566 2693 712 2757 sensibus
736 2692 944 2776 cogitationis
971 2692 1019 2777 ip-

22 2783 73 2847 ius
98 2784 133 2846 et
155 2781 274 2845 mentis
298 2802 368 2847 esse
386 2780 499 2846 voluit.
533 2779 621 2867 Num
644 2779 721 2864 quid
741 2780 858 2845 horum
880 2781 998 2863 probat
1022 2801 1072 2851 143

22 2873 120 2935 [oster
137 2868 342 2933 Antiochus?
372 2867 433 2933 Ille
456 2889 531 2933 vero
554 2890 596 2933 ne
618 2869 777 2934 maiorum
801 2868 930 2952 quidem
950 2890 1020 2934 suo-

22 2981 88 3022 um.
134 2955 201 3022 Ubi
225 2957 312 3021 enim
335 2959 391 3022 aut
413 2955 618 3022 Xenocraten
640 2956 799 3040 sequitur,
831 2957 921 3022 cuius
944 2958 1021 3022 libri

22 3049 83 3111 unt
106 3045 146 3110 de
160 3045 287 3111 ratione
309 3045 462 3130 loquendi
484 3045 580 3109 multi
594 3048 628 3108 et
639 3044 779 3109 multum
800 3045 941 3128 probati,
965 3049 1021 3110 aut

22 3156 116 3218 psum
139 3133 363 3216 Aristotelem,
384 3154 448 3217 quo
470 3133 616 3217 profecto
638 3132 720 3197 nihil
743 3136 794 3198 est
817 3134 951 3211 acutius,
973 3135 1020 3196 ni-

22 3222 54 3287 ril
86 3220 247 3307 politius?
291 3221 323 3287 A
351 3219 532 3306 Chrysippo
563 3221 679 3304 pedem
707 3242 892 3305 numquam.
938 3219 1021 3296 Quid
1030 3224 1072 3287 47

22 3331 87 3397 rgo
110 3310 300 3376 Academici
322 3309 544 3393 appellamur?
576 3331 617 3374 an
646 3308 810 3375 abutimur
838 3309 943 3393 gloria
964 3329 1021 3370 no-

22 3399 130 3464 ninis?
155 3402 212 3464 aut
234 3420 291 3463 cur
313 3397 460 3482 cogimur
483 3418 537 3463 eos
561 3398 660 3482 sequi,
683 3397 739 3480 qui
761 3396 847 3461 inter
870 3417 905 3460 se
928 3393 1020 3457 dissi-

22 3486 109 3552 lent?
139 3486 179 3552 In
196 3487 259 3552 hoc
276 3487 359 3572 ipso,
382 3485 466 3571 quod
488 3485 523 3550 in
538 3485 709 3553 elementis
724 3483 890 3551 dialectici
901 3481 1035 3565 ducent,

840 3589 876 3647 Q*
