2356 3870
103 170 165 234 196
261 170 309 224 DE
328 169 472 224 FINIBUS
490 168 670 224 BONORUM
688 169 735 223 ΕΤ
742 168 942 225 -nanoann

101 332 204 395 tauris
227 334 343 395 natura
366 331 477 395 datum
500 333 562 413 est,
589 333 627 393 ut
647 352 706 413 pro
729 330 840 394 vitulis
863 335 978 398 contra
1001 333 1040 397 le<

55 490 69 507 .
102 441 227 483 summa
254 420 286 482 11
317 419 504 502 impetuque
537 418 745 501 contendant,
774 419 821 482 sic
848 418 886 501 ii,
916 420 973 502 qui
1002 443 1040 486 va

102 507 218 590 opibus
242 510 337 590 atque
360 506 394 569 id
417 506 521 570 facere
549 510 700 588 possunt,
728 509 765 570 ut
792 506 831 569 de
853 503 994 571 Hercule
1019 529 1040 572 e*

100 595 217 658 Libero
255 594 452 678 accepimus,
493 593 533 657 ad
570 593 763 657 servandum
804 613 905 677 genus
942 595 1040 660 homil

101 685 218 747 natura
240 682 425 746 incitantur.
466 680 574 764 Atque
597 681 695 744 etiam
717 680 829 744 Iovem
851 703 925 745 cum
944 682 1040 766 Optin

103 773 136 833 et
170 769 349 834 Maximum
385 768 520 832 dicimus
565 789 700 850 cumque
741 769 876 833 eundem
918 768 1040 836 Saluta]

102 857 320 940 Hospitalem,
342 855 515 938 Statorem,
538 855 599 920 hoc
620 855 767 940 intellegi
786 857 949 936 volumus,
973 861 1040 923 salu

101 945 269 1011 hominum
288 944 323 1008 in
342 944 408 1008 eius
428 965 498 1008 esse
520 943 632 1007 tutela.
668 943 802 1007 Minime
823 948 933 1009 autem
953 967 1040 1011 conv«

103 1054 176 1097 cum
198 1033 262 1115 ipsi
284 1033 451 1096 internos
473 1030 554 1094 viles
571 1031 774 1114 neglectique
799 1032 912 1115 simus,
936 1034 1040 1117 postu]

101 1125 140 1184 ut
167 1120 216 1184 dis
243 1119 482 1184 immortalibus
511 1119 577 1183 cari
605 1120 705 1182 simus
734 1122 767 1182 et
794 1119 835 1182 ab
863 1121 904 1184 iis
929 1120 1040 1206 diligar

103 1208 206 1283 Quem
230 1207 270 1271 ad
292 1207 423 1271 modum
446 1207 547 1290 igitur
569 1206 721 1270 membris
742 1207 864 1271 utimur
885 1209 991 1292 prius,
1013 1232 1040 1293 ql

103 1295 286 1377 didicimus,
323 1294 413 1359 cuius
450 1315 488 1358 ea
520 1315 616 1358 causa
652 1294 804 1358 utilitatis
836 1294 1026 1380 habeamus,

102 1383 268 1447 internos
292 1386 408 1446 natura
435 1381 476 1446 ad
499 1382 625 1445 civilem
656 1382 922 1446 communitatem
945 1385 1040 1448 coniu

103 1474 145 1535 et'
167 1470 342 1534 consociati
375 1491 494 1534 sumus.
548 1468 642 1544 Quod
668 1469 705 1532 ni
731 1470 779 1534 ita
807 1492 841 1534 se
870 1470 1018 1555 haberet,

51 1575 83 1623 61
103 1558 247 1623 iustitiae
265 1558 352 1623 ullus
372 1561 533 1622 essetnec
551 1557 692 1622 bonitati
714 1557 813 1622 locus.
851 1555 912 1622 Sed
932 1581 995 1642 quo
1013 1582 1040 1623 m

102 1646 270 1711 hominum
292 1646 377 1709 inter
398 1645 547 1709 homines
570 1645 649 1708 iuris
671 1666 740 1708 esse
763 1645 891 1709 vincula
914 1651 1038 1730 putant,

102 1734 227 1798 homini
254 1733 336 1797 nihil
363 1733 443 1797 iuris
467 1754 536 1796 esse
560 1754 632 1795 cum
660 1733 782 1797 bestiis.
827 1732 998 1799 Praeclare
1023 1757 1040 1798 1

104 1821 315 1905 Chrysippus,
335 1825 442 1886 cetera
455 1823 533 1884 nata
547 1841 616 1903 esse
629 1819 797 1885 hominum
811 1843 909 1885 causa
923 1827 956 1886 et
969 1823 1040 1886 deor

103 1932 158 1974 eos
182 1913 291 1973 autem
313 1908 555 1973 communitatis
579 1910 612 1971 et
634 1909 797 1972 societatis
820 1931 911 1993 suae,
936 1914 973 1974 ut
995 1911 1040 1975 bes

103 1998 249 2062 homines
278 1996 325 2060 uti
353 1996 394 2061 ad
415 1996 591 2060 utilitatem
619 2017 711 2059 suam
732 2001 866 2078 possent
885 1999 955 2061 sine
978 1998 1040 2063 iniu

103 2085 320 2169 quoniamque
338 2106 377 2148 ea
391 2087 509 2148 natura
526 2085 612 2147 esset
628 2083 779 2166 hominis,
797 2088 834 2148 ut
853 2085 882 2148 ei
901 2107 975 2149 cum
993 2107 1040 2170 ger

103 2173 244 2237 humano
272 2172 365 2254 quasi
391 2171 485 2236 civile
512 2171 563 2234 ius
590 2171 814 2255 intercederet,
842 2173 898 2255 qui
927 2174 960 2236 id
984 2195 1040 2237 con

103 2263 208 2344 varet,
232 2280 304 2324 eum
327 2260 461 2337 iustum,
484 2259 540 2342 qui
562 2259 730 2343 migraret,
753 2260 910 2323 iniustum
934 2261 1011 2327 fore.

104 2347 262 2431 quemad
289 2347 434 2431 modum,
461 2346 624 2411 theatrum
653 2368 726 2411 cum
749 2368 917 2411 commune
941 2349 998 2432 sit,
1023 2370 1040 2412 n

103 2439 213 2500 tamen
236 2435 299 2500 dici
321 2439 431 2519 potest
449 2435 516 2499 eius
536 2456 605 2498 esse
624 2456 698 2498 eum
715 2434 834 2518 locum,
857 2457 953 2518 quem
976 2437 1040 2520 quis

22 2543 28 2561 ··
104 2525 280 2608 occuparit,
311 2524 358 2588 sic
380 2524 414 2588 in
437 2523 516 2586 urbe
539 2523 699 2586 mundove
722 2524 884 2586 communi
909 2545 977 2588 non
999 2524 1040 2588 111

103 2616 193 2676 satur
223 2613 287 2693 ine,
325 2633 387 2695 quo
424 2611 531 2674 minus
568 2632 661 2674 suum
693 2609 831 2694 quidque
868 2612 1021 2695 cuiusque

50 2715 84 2763 oe
103 2699 184 2765 (lum
221 2703 329 2763 autem
365 2698 406 2762 ad
445 2698 581 2763 tuendos
623 2698 921 2782 conservandosque
962 2699 1040 2764 hom:

102 2787 268 2852 hominem
297 2791 412 2851 natum
448 2806 519 2850 esse
553 2785 736 2868 videamus,
771 2791 1025 2851 consentaneum

102 2874 178 2939 huic
199 2878 346 2957 naturae,
373 2877 410 2938 ut
432 2873 561 2956 sapiens
584 2874 664 2937 11111
691 2893 800 2958 gerere
828 2876 862 2937 et
882 2875 1040 2940 administ

102 2984 171 3026 rem
198 2962 362 3044 publicam
390 2964 499 3044 atque,
525 2963 562 3024 ut
589 2983 605 3024 e
629 2964 746 3025 natura
768 2962 871 3044 vivat,
900 2984 1034 3029 uxorem

103 3051 235 3134 iungere
268 3052 301 3114 et
327 3049 409 3112 velle
437 3070 475 3112 ex
503 3069 540 3112 ea
567 3048 696 3112 liberos.
749 3049 800 3113 Ne
828 3071 954 3115 amores
983 3052 1040 3136 qui

103 3140 232 3202 sanctos
253 3159 272 3200 1
291 3135 435 3219 sapiente
454 3136 575 3200 alienos
592 3157 662 3201 esse
678 3136 886 3204 arbitrantur.
919 3136 1039 3222 Cynico

103 3229 211 3292 autem
234 3224 393 3289 rationem
417 3226 513 3308 atque
532 3224 633 3288 vitam
656 3225 714 3288 alii
737 3224 849 3289 cadere
873 3226 908 3289 in
932 3230 1040 3310 sapien

103 3314 226 3395 dicunt,
254 3312 282 3376 si
310 3311 364 3395 qui
391 3311 459 3375 eius
487 3311 575 3375 modi
600 3311 685 3376 forte
713 3333 805 3376 casus
828 3313 990 3399 inciderit,
1020 3339 1042 3380 u

103 3402 285 3468 faciendum
308 3400 364 3482 sit,
387 3399 443 3464 alii
464 3399 547 3479 nulli
570 3399 674 3464 modo.

49 3462 91 3524 21
168 3488 215 3554 Ut
236 3509 311 3554 uero
335 3490 542 3552 conservetur
564 3489 668 3552 omnis
697 3487 824 3553 homini
847 3509 925 3575 erga
947 3490 1040 3558 homi

50 3539 83 3586 69
