<?xml version="1.0" encoding="UTF-8"?>
<!DOCTYPE html PUBLIC "-//W3C//DTD XHTML 1.0 Transitional//EN"
    "http://www.w3.org/TR/xhtml1/DTD/xhtml1-transitional.dtd">
<html xmlns="http://www.w3.org/1999/xhtml" xml:lang="en" lang="en">
 <head>
  <title>
</title>
<meta http-equiv="Content-Type" content="text/html;charset=utf-8" />
  <meta name='ocr-system' content='tesseract 3.04.00' />
  <meta name='ocr-capabilities' content='ocr_page ocr_carea ocr_par ocr_line ocrx_word'/>
</head>
<body>
  <div class='ocr_page' id='page_1' title='image "./mtulliiciceroni00mlgoog_0225.png"; bbox 0 0 2346 3876; ppageno 0'>
   <div class='ocr_carea' id='block_1_1' title="bbox 121 107 962 176">
    <p class='ocr_par' dir='ltr' id='par_1_1' title="bbox 121 107 962 176">
     <span class='ocr_line' id='line_1_1' title="bbox 121 107 962 176; baseline -0.014 1"><span class='ocrx_word' id='word_1_1' title='bbox 121 113 184 176; x_wconf 76' lang='lat'><strong>176</strong></span> <span class='ocrx_word' id='word_1_2' title='bbox 282 113 330 166; x_wconf 79' lang='lat' dir='ltr'><strong>DE</strong></span> <span class='ocrx_word' id='word_1_3' title='bbox 349 111 494 166; x_wconf 82' lang='lat' dir='ltr'>FINIBUS</span> <span class='ocrx_word' id='word_1_4' title='bbox 512 107 693 167; x_wconf 79' lang='lat' dir='ltr'>BONORUM</span> <span class='ocrx_word' id='word_1_5' title='bbox 710 111 757 165; x_wconf 82' lang='grc' dir='ltr'><strong>ΕΤ</strong></span> <span class='ocrx_word' id='word_1_6' title='bbox 776 109 962 166; x_wconf 85' lang='lat' dir='ltr'><strong>MALORUM</strong></span> 
     </span>
    </p>
   </div>
   <div class='ocr_carea' id='block_1_2' title="bbox 68 272 1165 3526">
    <p class='ocr_par' dir='ltr' id='par_1_2' title="bbox 68 272 1165 3526">
     <span class='ocr_line' id='line_1_2' title="bbox 120 272 1108 358; baseline -0.001 -21"><span class='ocrx_word' id='word_1_7' title='bbox 120 295 180 358; x_wconf 89' lang='lat' dir='ltr'><strong>que</strong></span> <span class='ocrx_word' id='word_1_8' title='bbox 207 277 331 357; x_wconf 89' lang='lat' dir='ltr'><strong>partem</strong></span> <span class='ocrx_word' id='word_1_9' title='bbox 360 275 407 337; x_wconf 91' lang='lat' dir='ltr'><strong>ita</strong></span> <span class='ocrx_word' id='word_1_10' title='bbox 434 274 526 357; x_wconf 88' lang='lat' dir='ltr'><strong>paria</strong></span> <span class='ocrx_word' id='word_1_11' title='bbox 552 272 735 356; x_wconf 72' lang='lat' dir='ltr'><strong>redderent,</strong></span> <span class='ocrx_word' id='word_1_12' title='bbox 762 273 811 337; x_wconf 88' lang='lat' dir='ltr'><strong>uti</strong></span> <span class='ocrx_word' id='word_1_13' title='bbox 838 273 930 337; x_wconf 88' lang='lat' dir='ltr'><strong>nulla</strong></span> <span class='ocrx_word' id='word_1_14' title='bbox 959 273 1108 337; x_wconf 86' lang='lat' dir='ltr'><strong>selectione</strong></span> 
     </span>
     <span class='ocr_line' id='line_1_3' title="bbox 68 360 1165 445; baseline 0.002 -23"><span class='ocrx_word' id='word_1_15' title='bbox 68 375 100 422; x_wconf 87' lang='lat'><strong>13</strong></span> <span class='ocrx_word' id='word_1_16' title='bbox 120 364 298 440; x_wconf 83' lang='lat' dir='ltr'><strong>uterentur,</strong></span> <span class='ocrx_word' id='word_1_17' title='bbox 320 361 356 425; x_wconf 92' lang='lat' dir='ltr'><strong>hi</strong></span> <span class='ocrx_word' id='word_1_18' title='bbox 378 361 533 426; x_wconf 84' lang='lat' dir='ltr'><strong>virtutem</strong></span> <span class='ocrx_word' id='word_1_19' title='bbox 556 362 662 444; x_wconf 85' lang='lat' dir='ltr'><strong>ipsam</strong></span> <span class='ocrx_word' id='word_1_20' title='bbox 686 361 895 426; x_wconf 88' lang='lat' dir='ltr'><strong>sustulerunt.</strong></span> <span class='ocrx_word' id='word_1_21' title='bbox 940 361 1031 426; x_wconf 80' lang='lat' dir='ltr'><strong>Istud</strong></span> <span class='ocrx_word' id='word_1_22' title='bbox 1057 360 1108 445; x_wconf 90' lang='lat' dir='ltr'><strong>qui·</strong></span> <span class='ocrx_word' id='word_1_23' title='bbox 1162 382 1165 443; x_wconf 72' lang='lat'>3</span> 
     </span>
     <span class='ocr_line' id='line_1_4' title="bbox 120 447 1165 535; baseline -0.001 -23"><span class='ocrx_word' id='word_1_24' title='bbox 120 451 205 534; x_wconf 89' lang='lat' dir='ltr'><strong>dem,</strong></span> <span class='ocrx_word' id='word_1_25' title='bbox 237 449 382 535; x_wconf 90' lang='lat' dir='ltr'><strong>inquam,</strong></span> <span class='ocrx_word' id='word_1_26' title='bbox 411 451 532 533; x_wconf 90' lang='lat' dir='ltr'><strong>optime</strong></span> <span class='ocrx_word' id='word_1_27' title='bbox 562 449 655 532; x_wconf 90' lang='lat' dir='ltr'><strong>dicis,</strong></span> <span class='ocrx_word' id='word_1_28' title='bbox 686 450 743 514; x_wconf 91' lang='lat' dir='ltr'><strong>sed</strong></span> <span class='ocrx_word' id='word_1_29' title='bbox 770 471 904 533; x_wconf 85' lang='lat' dir='ltr'><strong>quaere,</strong></span> <span class='ocrx_word' id='word_1_30' title='bbox 932 471 1039 513; x_wconf 90' lang='lat' dir='ltr'><strong>nonne</strong></span> <span class='ocrx_word' id='word_1_31' title='bbox 1061 447 1107 512; x_wconf 77' lang='lat' dir='ltr'><strong>uti</strong></span> <span class='ocrx_word' id='word_1_32' title='bbox 1163 448 1165 459; x_wconf 91' lang='lat'>&#39;</span> 
     </span>
     <span class='ocr_line' id='line_1_5' title="bbox 119 537 1108 622; baseline -0.003 -20"><span class='ocrx_word' id='word_1_33' title='bbox 119 538 300 602; x_wconf 86' lang='lat' dir='ltr'><strong>faciendum</strong></span> <span class='ocrx_word' id='word_1_34' title='bbox 332 538 417 602; x_wconf 89' lang='lat' dir='ltr'><strong>idem</strong></span> <span class='ocrx_word' id='word_1_35' title='bbox 450 538 494 601; x_wconf 87' lang='lat' dir='ltr'><strong>sit</strong></span> <span class='ocrx_word' id='word_1_36' title='bbox 529 537 611 601; x_wconf 87' lang='lat' dir='ltr'>nihil</span> <span class='ocrx_word' id='word_1_37' title='bbox 639 537 757 601; x_wconf 89' lang='lat' dir='ltr'><strong>dicenti</strong></span> <span class='ocrx_word' id='word_1_38' title='bbox 785 538 920 620; x_wconf 89' lang='lat' dir='ltr'><strong>bonum,</strong></span> <span class='ocrx_word' id='word_1_39' title='bbox 948 537 1031 622; x_wconf 92' lang='lat' dir='ltr'><strong>quod</strong></span> <span class='ocrx_word' id='word_1_40' title='bbox 1059 556 1108 600; x_wconf 86' lang='lat' dir='ltr'><strong>nor</strong></span> 
     </span>
     <span class='ocr_line' id='line_1_6' title="bbox 119 625 1128 710; baseline -0.003 -21"><span class='ocrx_word' id='word_1_41' title='bbox 119 629 241 690; x_wconf 88' lang='lat' dir='ltr'><strong>rectum</strong></span> <span class='ocrx_word' id='word_1_42' title='bbox 264 626 500 710; x_wconf 90' lang='lat' dir='ltr'><strong>honestumque</strong></span> <span class='ocrx_word' id='word_1_43' title='bbox 529 626 585 708; x_wconf 92' lang='lat' dir='ltr'><strong>sit,</strong></span> <span class='ocrx_word' id='word_1_44' title='bbox 607 625 803 709; x_wconf 91' lang='lat' dir='ltr'><strong>reliquarum</strong></span> <span class='ocrx_word' id='word_1_45' title='bbox 825 647 932 689; x_wconf 91' lang='lat' dir='ltr'><strong>rerum</strong></span> <span class='ocrx_word' id='word_1_46' title='bbox 956 625 1128 690; x_wconf 72' lang='lat' dir='ltr'><strong>discrimem</strong></span> 
     </span>
     <span class='ocr_line' id='line_1_7' title="bbox 121 711 1104 797; baseline -0.002 -19"><span class='ocrx_word' id='word_1_47' title='bbox 121 737 214 779; x_wconf 91' lang='lat' dir='ltr'><strong>omne</strong></span> <span class='ocrx_word' id='word_1_48' title='bbox 232 714 371 779; x_wconf 87' lang='lat' dir='ltr'><strong>tollenti.</strong></span> <span class='ocrx_word' id='word_1_49' title='bbox 409 711 444 777; x_wconf 80' lang='lat' dir='ltr'><strong>Si</strong></span> <span class='ocrx_word' id='word_1_50' title='bbox 467 714 610 796; x_wconf 90' lang='lat' dir='ltr'><strong>quidem,</strong></span> <span class='ocrx_word' id='word_1_51' title='bbox 633 714 752 797; x_wconf 89' lang='lat' dir='ltr'><strong>inquit,</strong></span> <span class='ocrx_word' id='word_1_52' title='bbox 772 714 935 796; x_wconf 88' lang='lat' dir='ltr'><strong>tollerem,</strong></span> <span class='ocrx_word' id='word_1_53' title='bbox 959 714 1014 778; x_wconf 88' lang='lat' dir='ltr'><strong>sed</strong></span> <span class='ocrx_word' id='word_1_54' title='bbox 1030 712 1104 777; x_wconf 83' lang='lat' dir='ltr'><strong>relin-</strong></span> 
     </span>
     <span class='ocr_line' id='line_1_8' title="bbox 68 800 1107 885; baseline 0.002 -22"><span class='ocrx_word' id='word_1_55' title='bbox 68 816 102 864; x_wconf 83' lang='lat'><strong>14</strong></span> <span class='ocrx_word' id='word_1_56' title='bbox 120 824 192 885; x_wconf 92' lang='lat' dir='ltr'><strong>quo.</strong></span> <span class='ocrx_word' id='word_1_57' title='bbox 238 801 384 877; x_wconf 84' lang='lat' dir='ltr'><strong>Quonam</strong></span> <span class='ocrx_word' id='word_1_58' title='bbox 413 801 530 867; x_wconf 79' lang='lat' dir='ltr'><strong>modo?</strong></span> <span class='ocrx_word' id='word_1_59' title='bbox 560 802 700 885; x_wconf 92' lang='lat' dir='ltr'><strong>inquam.</strong></span> <span class='ocrx_word' id='word_1_60' title='bbox 746 800 781 866; x_wconf 79' lang='lat' dir='ltr'><strong>si</strong></span> <span class='ocrx_word' id='word_1_61' title='bbox 804 823 869 865; x_wconf 88' lang='lat' dir='ltr'><strong>una</strong></span> <span class='ocrx_word' id='word_1_62' title='bbox 891 801 1008 885; x_wconf 81' lang='lat' dir='ltr'><strong>virtus,</strong></span> <span class='ocrx_word' id='word_1_63' title='bbox 1029 820 1107 865; x_wconf 83' lang='lat' dir='ltr'><strong>unum</strong></span> 
     </span>
     <span class='ocr_line' id='line_1_9' title="bbox 120 888 1107 973; baseline -0.004 -19"><span class='ocrx_word' id='word_1_64' title='bbox 120 890 221 973; x_wconf 88' lang='lat' dir='ltr'><strong>istud,</strong></span> <span class='ocrx_word' id='word_1_65' title='bbox 259 889 344 973; x_wconf 90' lang='lat' dir='ltr'><strong>quod</strong></span> <span class='ocrx_word' id='word_1_66' title='bbox 381 889 553 954; x_wconf 87' lang='lat' dir='ltr'><strong>honestum</strong></span> <span class='ocrx_word' id='word_1_67' title='bbox 591 890 750 973; x_wconf 89' lang='lat' dir='ltr'><strong>appellas,</strong></span> <span class='ocrx_word' id='word_1_68' title='bbox 786 893 923 973; x_wconf 88' lang='lat' dir='ltr'><strong>rectum,</strong></span> <span class='ocrx_word' id='word_1_69' title='bbox 960 888 1107 963; x_wconf 85' lang='lat' dir='ltr'><strong>laudabile,</strong></span> 
     </span>
     <span class='ocr_line' id='line_1_10' title="bbox 120 975 1106 1062; baseline -0.004 -20"><span class='ocrx_word' id='word_1_70' title='bbox 120 978 268 1042; x_wconf 91' lang='lat' dir='ltr'><strong>decorum</strong></span> <span class='ocrx_word' id='word_1_71' title='bbox 296 975 374 1062; x_wconf 91' lang='lat' dir='ltr'><strong>(erit</strong></span> <span class='ocrx_word' id='word_1_72' title='bbox 401 978 487 1041; x_wconf 91' lang='lat' dir='ltr'><strong>enim</strong></span> <span class='ocrx_word' id='word_1_73' title='bbox 509 977 633 1060; x_wconf 90' lang='lat' dir='ltr'><strong>notius,</strong></span> <span class='ocrx_word' id='word_1_74' title='bbox 661 977 755 1061; x_wconf 88' lang='lat' dir='ltr'><strong>quale</strong></span> <span class='ocrx_word' id='word_1_75' title='bbox 779 977 837 1059; x_wconf 93' lang='lat' dir='ltr'><strong>sit,</strong></span> <span class='ocrx_word' id='word_1_76' title='bbox 866 977 1013 1060; x_wconf 90' lang='lat' dir='ltr'><strong>pluribus</strong></span> <span class='ocrx_word' id='word_1_77' title='bbox 1034 980 1106 1041; x_wconf 85' lang='lat' dir='ltr'><strong>nota·</strong></span> 
     </span>
     <span class='ocr_line' id='line_1_11' title="bbox 119 1063 1107 1152; baseline -0.001 -23"><span class='ocrx_word' id='word_1_78' title='bbox 119 1071 190 1129; x_wconf 89' lang='lat' dir='ltr'><strong>tum</strong></span> <span class='ocrx_word' id='word_1_79' title='bbox 208 1065 374 1129; x_wconf 87' lang='lat' dir='ltr'><strong>vocabulis</strong></span> <span class='ocrx_word' id='word_1_80' title='bbox 396 1065 481 1129; x_wconf 88' lang='lat' dir='ltr'><strong>idem</strong></span> <span class='ocrx_word' id='word_1_81' title='bbox 500 1063 767 1152; x_wconf 68' lang='lat' dir='ltr'><strong>declarantibus),</strong></span> <span class='ocrx_word' id='word_1_82' title='bbox 789 1065 824 1129; x_wconf 94' lang='lat' dir='ltr'><strong>id</strong></span> <span class='ocrx_word' id='word_1_83' title='bbox 847 1066 963 1150; x_wconf 85' lang='lat' dir='ltr'><strong>igitur,</strong></span> <span class='ocrx_word' id='word_1_84' title='bbox 986 1066 1107 1150; x_wconf 86' lang='lat' dir='ltr'><strong>inquam,</strong></span> 
     </span>
     <span class='ocr_line' id='line_1_12' title="bbox 121 1148 1108 1238; baseline -0.001 -22"><span class='ocrx_word' id='word_1_85' title='bbox 121 1153 149 1216; x_wconf 89' lang='lat' dir='ltr'><strong>si</strong></span> <span class='ocrx_word' id='word_1_86' title='bbox 178 1152 283 1216; x_wconf 89' lang='lat' dir='ltr'><strong>solum</strong></span> <span class='ocrx_word' id='word_1_87' title='bbox 311 1156 360 1216; x_wconf 90' lang='lat' dir='ltr'><strong>est</strong></span> <span class='ocrx_word' id='word_1_88' title='bbox 388 1154 520 1235; x_wconf 89' lang='lat' dir='ltr'><strong>bonum,</strong></span> <span class='ocrx_word' id='word_1_89' title='bbox 553 1153 629 1237; x_wconf 91' lang='lat' dir='ltr'><strong>quid</strong></span> <span class='ocrx_word' id='word_1_90' title='bbox 661 1152 797 1217; x_wconf 88' lang='lat' dir='ltr'><strong>habebis</strong></span> <span class='ocrx_word' id='word_1_91' title='bbox 830 1157 1011 1237; x_wconf 90' lang='lat' dir='ltr'><strong>praeterea,</strong></span> <span class='ocrx_word' id='word_1_92' title='bbox 1041 1148 1108 1238; x_wconf 88' lang='lat' dir='ltr'><strong>quod</strong></span> 
     </span>
     <span class='ocr_line' id='line_1_13' title="bbox 121 1239 1107 1327; baseline -0.001 -24"><span class='ocrx_word' id='word_1_93' title='bbox 121 1240 277 1324; x_wconf 78' lang='lat' dir='ltr'><strong>sequare?</strong></span> <span class='ocrx_word' id='word_1_94' title='bbox 306 1244 376 1320; x_wconf 90' lang='lat' dir='ltr'><strong>aut,</strong></span> <span class='ocrx_word' id='word_1_95' title='bbox 408 1241 436 1304; x_wconf 89' lang='lat' dir='ltr'><strong>si</strong></span> <span class='ocrx_word' id='word_1_96' title='bbox 462 1241 544 1305; x_wconf 88' lang='lat' dir='ltr'>nihil</span> <span class='ocrx_word' id='word_1_97' title='bbox 571 1241 707 1325; x_wconf 89' lang='lat' dir='ltr'><strong>malum,</strong></span> <span class='ocrx_word' id='word_1_98' title='bbox 738 1242 803 1305; x_wconf 92' lang='lat' dir='ltr'><strong>nisi</strong></span> <span class='ocrx_word' id='word_1_99' title='bbox 830 1241 915 1327; x_wconf 91' lang='lat' dir='ltr'><strong>quod</strong></span> <span class='ocrx_word' id='word_1_100' title='bbox 944 1245 1050 1325; x_wconf 86' lang='lat' dir='ltr'><strong>turpe,</strong></span> <span class='ocrx_word' id='word_1_101' title='bbox 1071 1239 1107 1302; x_wconf 88' lang='lat' dir='ltr'><strong>in-</strong></span> 
     </span>
     <span class='ocr_line' id='line_1_14' title="bbox 120 1327 1109 1413; baseline 0 -22"><span class='ocrx_word' id='word_1_102' title='bbox 120 1327 305 1411; x_wconf 87' lang='lat' dir='ltr'><strong>honestum,</strong></span> <span class='ocrx_word' id='word_1_103' title='bbox 337 1328 532 1410; x_wconf 89' lang='lat' dir='ltr'><strong>indecorum,</strong></span> <span class='ocrx_word' id='word_1_104' title='bbox 563 1351 712 1412; x_wconf 84' lang='lat' dir='ltr'><strong>pravum,</strong></span> <span class='ocrx_word' id='word_1_105' title='bbox 748 1329 963 1413; x_wconf 82' lang='lat' dir='ltr'><strong>flagitiosum,</strong></span> <span class='ocrx_word' id='word_1_106' title='bbox 997 1327 1109 1394; x_wconf 80' lang='lat' dir='ltr'><strong>foedum</strong></span> 
     </span>
     <span class='ocr_line' id='line_1_15' title="bbox 121 1410 1110 1500; baseline 0 -20"><span class='ocrx_word' id='word_1_107' title='bbox 121 1416 172 1500; x_wconf 76' lang='lat' dir='ltr'><strong>(ut</strong></span> <span class='ocrx_word' id='word_1_108' title='bbox 193 1416 255 1481; x_wconf 90' lang='lat' dir='ltr'><strong>hoc</strong></span> <span class='ocrx_word' id='word_1_109' title='bbox 279 1439 404 1500; x_wconf 88' lang='lat' dir='ltr'><strong>quoque</strong></span> <span class='ocrx_word' id='word_1_110' title='bbox 428 1417 575 1500; x_wconf 88' lang='lat' dir='ltr'><strong>pluribus</strong></span> <span class='ocrx_word' id='word_1_111' title='bbox 594 1417 779 1481; x_wconf 89' lang='lat' dir='ltr'><strong>nominibus</strong></span> <span class='ocrx_word' id='word_1_112' title='bbox 798 1417 926 1500; x_wconf 81' lang='lat' dir='ltr'><strong>insigne</strong></span> <span class='ocrx_word' id='word_1_113' title='bbox 948 1410 1110 1498; x_wconf 78' lang='lat' dir='ltr'><strong>faciamus),</strong></span> 
     </span>
     <span class='ocr_line' id='line_1_16' title="bbox 121 1500 1137 1590; baseline -0.003 -22"><span class='ocrx_word' id='word_1_114' title='bbox 121 1505 197 1588; x_wconf 91' lang='lat' dir='ltr'><strong>quid</strong></span> <span class='ocrx_word' id='word_1_115' title='bbox 219 1508 386 1588; x_wconf 90' lang='lat' dir='ltr'><strong>praeterea</strong></span> <span class='ocrx_word' id='word_1_116' title='bbox 409 1505 495 1568; x_wconf 89' lang='lat' dir='ltr'><strong>dices</strong></span> <span class='ocrx_word' id='word_1_117' title='bbox 519 1526 588 1569; x_wconf 89' lang='lat' dir='ltr'><strong>esse</strong></span> <span class='ocrx_word' id='word_1_118' title='bbox 611 1504 820 1588; x_wconf 83' lang='lat' dir='ltr'><strong>fugiendum?</strong></span> <span class='ocrx_word' id='word_1_119' title='bbox 861 1503 942 1568; x_wconf 59' lang='lat' dir='ltr'><strong>vNon</strong></span> <span class='ocrx_word' id='word_1_120' title='bbox 964 1500 1110 1590; x_wconf 79' lang='lat' dir='ltr'><strong>ignoranti</strong></span> <span class='ocrx_word' id='word_1_121' title='bbox 1133 1508 1137 1513; x_wconf 87' lang='lat'>&#39;</span> 
     </span>
     <span class='ocr_line' id='line_1_17' title="bbox 120 1591 1110 1677; baseline 0 -21"><span class='ocrx_word' id='word_1_122' title='bbox 120 1593 196 1674; x_wconf 86' lang='lat' dir='ltr'><strong>tibi,</strong></span> <span class='ocrx_word' id='word_1_123' title='bbox 223 1593 340 1677; x_wconf 89' lang='lat' dir='ltr'><strong>inquit,</strong></span> <span class='ocrx_word' id='word_1_124' title='bbox 369 1592 445 1676; x_wconf 88' lang='lat' dir='ltr'><strong>quid</strong></span> <span class='ocrx_word' id='word_1_125' title='bbox 474 1591 535 1656; x_wconf 88' lang='lat' dir='ltr'><strong>sim</strong></span> <span class='ocrx_word' id='word_1_126' title='bbox 562 1592 717 1676; x_wconf 90' lang='lat' dir='ltr'><strong>dicturus,</strong></span> <span class='ocrx_word' id='word_1_127' title='bbox 746 1593 801 1656; x_wconf 90' lang='lat' dir='ltr'><strong>sed</strong></span> <span class='ocrx_word' id='word_1_128' title='bbox 833 1592 969 1676; x_wconf 88' lang='lat' dir='ltr'><strong>aliquid,</strong></span> <span class='ocrx_word' id='word_1_129' title='bbox 1000 1597 1036 1658; x_wconf 89' lang='lat' dir='ltr'><strong>ut</strong></span> <span class='ocrx_word' id='word_1_130' title='bbox 1063 1609 1110 1677; x_wconf 78' lang='lat' dir='ltr'><strong>ego</strong></span> 
     </span>
     <span class='ocr_line' id='line_1_18' title="bbox 121 1676 1112 1765; baseline -0.004 -21"><span class='ocrx_word' id='word_1_131' title='bbox 121 1681 282 1765; x_wconf 88' lang='lat' dir='ltr'><strong>suspicor,</strong></span> <span class='ocrx_word' id='word_1_132' title='bbox 310 1702 348 1743; x_wconf 90' lang='lat' dir='ltr'><strong>ex</strong></span> <span class='ocrx_word' id='word_1_133' title='bbox 375 1702 448 1744; x_wconf 90' lang='lat' dir='ltr'><strong>mea</strong></span> <span class='ocrx_word' id='word_1_134' title='bbox 475 1680 565 1744; x_wconf 92' lang='lat' dir='ltr'><strong>brevi</strong></span> <span class='ocrx_word' id='word_1_135' title='bbox 587 1681 797 1762; x_wconf 86' lang='lat' dir='ltr'><strong>responsione</strong></span> <span class='ocrx_word' id='word_1_136' title='bbox 824 1681 966 1763; x_wconf 84' lang='lat' dir='ltr'><strong>arripere</strong></span> <span class='ocrx_word' id='word_1_137' title='bbox 988 1676 1112 1764; x_wconf 80' lang='lat' dir='ltr'><strong>cupienti</strong></span> 
     </span>
     <span class='ocr_line' id='line_1_19' title="bbox 121 1767 1112 1854; baseline 0 -22"><span class='ocrx_word' id='word_1_138' title='bbox 121 1790 187 1832; x_wconf 92' lang='lat' dir='ltr'><strong>non</strong></span> <span class='ocrx_word' id='word_1_139' title='bbox 205 1768 405 1852; x_wconf 86' lang='lat' dir='ltr'><strong>respondebo</strong></span> <span class='ocrx_word' id='word_1_140' title='bbox 424 1768 464 1831; x_wconf 89' lang='lat' dir='ltr'><strong>ad</strong></span> <span class='ocrx_word' id='word_1_141' title='bbox 483 1768 625 1852; x_wconf 82' lang='lat' dir='ltr'><strong>singula,</strong></span> <span class='ocrx_word' id='word_1_142' title='bbox 648 1768 815 1851; x_wconf 83' lang='lat' dir='ltr'><strong>explicabo</strong></span> <span class='ocrx_word' id='word_1_143' title='bbox 833 1768 957 1851; x_wconf 88' lang='lat' dir='ltr'><strong>potius,</strong></span> <span class='ocrx_word' id='word_1_144' title='bbox 978 1767 1112 1854; x_wconf 87' lang='lat' dir='ltr'><strong>quoniam</strong></span> 
     </span>
     <span class='ocr_line' id='line_1_20' title="bbox 121 1853 1112 1940; baseline -0.003 -20"><span class='ocrx_word' id='word_1_145' title='bbox 121 1856 220 1920; x_wconf 89' lang='lat' dir='ltr'><strong>otiosi</strong></span> <span class='ocrx_word' id='word_1_146' title='bbox 243 1877 368 1938; x_wconf 89' lang='lat' dir='ltr'><strong>sumus,</strong></span> <span class='ocrx_word' id='word_1_147' title='bbox 390 1856 454 1918; x_wconf 92' lang='lat' dir='ltr'><strong>nisi</strong></span> <span class='ocrx_word' id='word_1_148' title='bbox 473 1855 613 1919; x_wconf 90' lang='lat' dir='ltr'><strong>alienum</strong></span> <span class='ocrx_word' id='word_1_149' title='bbox 632 1859 742 1940; x_wconf 90' lang='lat' dir='ltr'><strong>putas,</strong></span> <span class='ocrx_word' id='word_1_150' title='bbox 764 1859 869 1920; x_wconf 89' lang='lat' dir='ltr'><strong>totam</strong></span> <span class='ocrx_word' id='word_1_151' title='bbox 888 1855 1026 1922; x_wconf 86' lang='lat' dir='ltr'><strong>Zenonis</strong></span> <span class='ocrx_word' id='word_1_152' title='bbox 1043 1853 1112 1920; x_wconf 82' lang='lat' dir='ltr'><strong>Stoi·</strong></span> 
     </span>
     <span class='ocr_line' id='line_1_21' title="bbox 121 1942 1112 2029; baseline 0 -22"><span class='ocrx_word' id='word_1_153' title='bbox 121 1964 293 2025; x_wconf 87' lang='lat' dir='ltr'><strong>corumque</strong></span> <span class='ocrx_word' id='word_1_154' title='bbox 325 1943 528 2008; x_wconf 85' lang='lat' dir='ltr'><strong>sententiam.</strong></span> <span class='ocrx_word' id='word_1_155' title='bbox 583 1942 716 2007; x_wconf 90' lang='lat' dir='ltr'><strong>Minime</strong></span> <span class='ocrx_word' id='word_1_156' title='bbox 746 1943 779 2007; x_wconf 90' lang='lat' dir='ltr'><strong>id</strong></span> <span class='ocrx_word' id='word_1_157' title='bbox 811 1944 956 2028; x_wconf 89' lang='lat' dir='ltr'><strong>quidem,</strong></span> <span class='ocrx_word' id='word_1_158' title='bbox 987 1945 1112 2029; x_wconf 86' lang='lat' dir='ltr'><strong>inquam,</strong></span> 
     </span>
     <span class='ocr_line' id='line_1_22' title="bbox 122 2029 1112 2116; baseline 0 -24"><span class='ocrx_word' id='word_1_159' title='bbox 122 2031 275 2112; x_wconf 84' lang='lat' dir='ltr'><strong>alienum,</strong></span> <span class='ocrx_word' id='word_1_160' title='bbox 293 2030 494 2114; x_wconf 87' lang='lat' dir='ltr'><strong>multumque</strong></span> <span class='ocrx_word' id='word_1_161' title='bbox 513 2031 554 2095; x_wconf 90' lang='lat' dir='ltr'><strong>ad</strong></span> <span class='ocrx_word' id='word_1_162' title='bbox 573 2053 618 2113; x_wconf 88' lang='lat' dir='ltr'><strong>ea,</strong></span> <span class='ocrx_word' id='word_1_163' title='bbox 637 2054 718 2116; x_wconf 88' lang='lat' dir='ltr'><strong>quae</strong></span> <span class='ocrx_word' id='word_1_164' title='bbox 737 2032 936 2116; x_wconf 88' lang='lat' dir='ltr'><strong>quaerimus,</strong></span> <span class='ocrx_word' id='word_1_165' title='bbox 957 2029 1112 2116; x_wconf 84' lang='lat' dir='ltr'><strong>explicatio</strong></span> 
     </span>
     <span class='ocr_line' id='line_1_23' title="bbox 69 2115 1113 2205; baseline -0.005 -20"><span class='ocrx_word' id='word_1_166' title='bbox 69 2138 102 2185; x_wconf 88' lang='lat'><strong>15</strong></span> <span class='ocrx_word' id='word_1_167' title='bbox 122 2122 179 2180; x_wconf 89' lang='lat' dir='ltr'><strong>tua</strong></span> <span class='ocrx_word' id='word_1_168' title='bbox 206 2117 271 2181; x_wconf 86' lang='lat' dir='ltr'><strong>ista</strong></span> <span class='ocrx_word' id='word_1_169' title='bbox 297 2119 476 2200; x_wconf 85' lang='lat' dir='ltr'><strong>profecerit.</strong></span> <span class='ocrx_word' id='word_1_170' title='bbox 526 2118 741 2202; x_wconf 83' lang='lat' dir='ltr'><strong>Experiamur</strong></span> <span class='ocrx_word' id='word_1_171' title='bbox 772 2120 887 2204; x_wconf 83' lang='lat' dir='ltr'><strong>igitur,</strong></span> <span class='ocrx_word' id='word_1_172' title='bbox 919 2120 1037 2205; x_wconf 88' lang='lat' dir='ltr'><strong>inquit,</strong></span> <span class='ocrx_word' id='word_1_173' title='bbox 1063 2115 1113 2182; x_wconf 90' lang='lat' dir='ltr'><strong>elsi</strong></span> 
     </span>
     <span class='ocr_line' id='line_1_24' title="bbox 121 2204 1113 2292; baseline 0 -24"><span class='ocrx_word' id='word_1_174' title='bbox 121 2206 221 2270; x_wconf 89' lang='lat' dir='ltr'><strong>habet</strong></span> <span class='ocrx_word' id='word_1_175' title='bbox 255 2205 335 2270; x_wconf 92' lang='lat' dir='ltr'><strong>haec</strong></span> <span class='ocrx_word' id='word_1_176' title='bbox 371 2204 552 2271; x_wconf 80' lang='lat' dir='ltr'><strong>Stoicorum</strong></span> <span class='ocrx_word' id='word_1_177' title='bbox 588 2209 673 2271; x_wconf 89' lang='lat' dir='ltr'><strong>ratio</strong></span> <span class='ocrx_word' id='word_1_178' title='bbox 709 2208 873 2272; x_wconf 87' lang='lat' dir='ltr'><strong>difficilius</strong></span> <span class='ocrx_word' id='word_1_179' title='bbox 911 2208 1061 2292; x_wconf 88' lang='lat' dir='ltr'><strong>quiddam</strong></span> <span class='ocrx_word' id='word_1_180' title='bbox 1088 2207 1113 2268; x_wconf 87' lang='lat' dir='ltr'><strong>et</strong></span> 
     </span>
     <span class='ocr_line' id='line_1_25' title="bbox 121 2293 1114 2378; baseline -0.002 -20"><span class='ocrx_word' id='word_1_181' title='bbox 121 2294 297 2358; x_wconf 88' lang='lat' dir='ltr'><strong>obscurius.</strong></span> <span class='ocrx_word' id='word_1_182' title='bbox 345 2293 431 2358; x_wconf 89' lang='lat' dir='ltr'><strong>Nam</strong></span> <span class='ocrx_word' id='word_1_183' title='bbox 458 2316 530 2359; x_wconf 91' lang='lat' dir='ltr'><strong>cum</strong></span> <span class='ocrx_word' id='word_1_184' title='bbox 558 2295 593 2358; x_wconf 92' lang='lat' dir='ltr'><strong>in</strong></span> <span class='ocrx_word' id='word_1_185' title='bbox 620 2293 743 2360; x_wconf 83' lang='lat' dir='ltr'><strong>Graeco</strong></span> <span class='ocrx_word' id='word_1_186' title='bbox 771 2317 918 2361; x_wconf 89' lang='lat' dir='ltr'><strong>sermone</strong></span> <span class='ocrx_word' id='word_1_187' title='bbox 946 2296 1027 2361; x_wconf 90' lang='lat' dir='ltr'><strong>haec</strong></span> <span class='ocrx_word' id='word_1_188' title='bbox 1055 2295 1114 2378; x_wconf 88' lang='lat' dir='ltr'><strong>ipsa</strong></span> 
     </span>
     <span class='ocr_line' id='line_1_26' title="bbox 120 2381 1113 2467; baseline -0.002 -21"><span class='ocrx_word' id='word_1_189' title='bbox 120 2382 282 2467; x_wconf 91' lang='lat' dir='ltr'><strong>quondam</strong></span> <span class='ocrx_word' id='word_1_190' title='bbox 311 2404 418 2446; x_wconf 89' lang='lat' dir='ltr'><strong>rerum</strong></span> <span class='ocrx_word' id='word_1_191' title='bbox 452 2383 585 2448; x_wconf 87' lang='lat' dir='ltr'><strong>nomina</strong></span> <span class='ocrx_word' id='word_1_192' title='bbox 613 2405 771 2448; x_wconf 89' lang='lat' dir='ltr'><strong>novarum</strong></span> <span class='ocrx_word' id='word_1_193' title='bbox 786 2432 926 2450; x_wconf 86' lang='grc'><strong>.......</strong></span> <span class='ocrx_word' id='word_1_194' title='bbox 949 2406 1016 2450; x_wconf 89' lang='lat' dir='ltr'><strong>non</strong></span> <span class='ocrx_word' id='word_1_195' title='bbox 1041 2381 1113 2448; x_wconf 77' lang='lat' dir='ltr'><strong>vide·</strong></span> 
     </span>
     <span class='ocr_line' id='line_1_27' title="bbox 120 2466 1165 2557; baseline -0.002 -23"><span class='ocrx_word' id='word_1_196' title='bbox 120 2471 253 2554; x_wconf 91' lang='lat' dir='ltr'><strong>bantur,</strong></span> <span class='ocrx_word' id='word_1_197' title='bbox 282 2493 363 2554; x_wconf 87' lang='lat' dir='ltr'><strong>quac</strong></span> <span class='ocrx_word' id='word_1_198' title='bbox 393 2493 479 2535; x_wconf 90' lang='lat' dir='ltr'><strong>nunc</strong></span> <span class='ocrx_word' id='word_1_199' title='bbox 507 2471 702 2535; x_wconf 91' lang='lat' dir='ltr'><strong>consuetudo</strong></span> <span class='ocrx_word' id='word_1_200' title='bbox 731 2471 884 2536; x_wconf 88' lang='lat' dir='ltr'><strong>diuturna</strong></span> <span class='ocrx_word' id='word_1_201' title='bbox 915 2473 1022 2557; x_wconf 85' lang='lat' dir='ltr'><strong>trivit,</strong></span> <span class='ocrx_word' id='word_1_202' title='bbox 1051 2466 1114 2557; x_wconf 86' lang='lat' dir='ltr'><strong>quil</strong></span> <span class='ocrx_word' id='word_1_203' title='bbox 1163 2500 1165 2525; x_wconf 77' lang='lat'>=</span> 
     </span>
     <span class='ocr_line' id='line_1_28' title="bbox 121 2552 1165 2645; baseline -0.001 -22"><span class='ocrx_word' id='word_1_204' title='bbox 121 2580 230 2623; x_wconf 90' lang='lat' dir='ltr'><strong>censes</strong></span> <span class='ocrx_word' id='word_1_205' title='bbox 258 2559 293 2622; x_wconf 90' lang='lat' dir='ltr'><strong>in</strong></span> <span class='ocrx_word' id='word_1_206' title='bbox 322 2556 438 2624; x_wconf 82' lang='lat' dir='ltr'><strong>Latino</strong></span> <span class='ocrx_word' id='word_1_207' title='bbox 468 2559 560 2623; x_wconf 77' lang='lat' dir='ltr'><strong>fore?</strong></span> <span class='ocrx_word' id='word_1_208' title='bbox 616 2558 820 2623; x_wconf 87' lang='lat' dir='ltr'><strong>Facillimum</strong></span> <span class='ocrx_word' id='word_1_209' title='bbox 848 2560 882 2623; x_wconf 93' lang='lat' dir='ltr'><strong>id</strong></span> <span class='ocrx_word' id='word_1_210' title='bbox 909 2561 1040 2645; x_wconf 91' lang='lat' dir='ltr'><strong>quidem</strong></span> <span class='ocrx_word' id='word_1_211' title='bbox 1067 2560 1116 2639; x_wconf 82' lang='lat' dir='ltr'><strong>est,</strong></span> <span class='ocrx_word' id='word_1_212' title='bbox 1161 2552 1165 2633; x_wconf 63' lang='grc' dir='ltr'>ἶ</span> 
     </span>
     <span class='ocr_line' id='line_1_29' title="bbox 120 2644 1165 2733; baseline -0.001 -24"><span class='ocrx_word' id='word_1_213' title='bbox 120 2647 260 2730; x_wconf 86' lang='lat' dir='ltr'><strong>inquam</strong></span> <span class='ocrx_word' id='word_1_214' title='bbox 315 2644 350 2710; x_wconf 78' lang='lat' dir='ltr'><strong>Si</strong></span> <span class='ocrx_word' id='word_1_215' title='bbox 382 2648 468 2710; x_wconf 90' lang='lat' dir='ltr'><strong>enim</strong></span> <span class='ocrx_word' id='word_1_216' title='bbox 495 2646 618 2710; x_wconf 90' lang='lat' dir='ltr'><strong>Zenoni</strong></span> <span class='ocrx_word' id='word_1_217' title='bbox 644 2645 750 2730; x_wconf 90' lang='lat' dir='ltr'><strong>licuit,</strong></span> <span class='ocrx_word' id='word_1_218' title='bbox 783 2669 856 2711; x_wconf 89' lang='lat' dir='ltr'><strong>eum</strong></span> <span class='ocrx_word' id='word_1_219' title='bbox 888 2669 957 2712; x_wconf 90' lang='lat' dir='ltr'><strong>rem</strong></span> <span class='ocrx_word' id='word_1_220' title='bbox 989 2649 1114 2733; x_wconf 84' lang='lat' dir='ltr'><strong>aliquan</strong></span> <span class='ocrx_word' id='word_1_221' title='bbox 1162 2658 1165 2687; x_wconf 73' lang='lat'>³</span> 
     </span>
     <span class='ocr_line' id='line_1_30' title="bbox 120 2734 1165 2820; baseline -0.002 -23"><span class='ocrx_word' id='word_1_222' title='bbox 120 2734 298 2797; x_wconf 84' lang='lat' dir='ltr'><strong>invenisset</strong></span> <span class='ocrx_word' id='word_1_223' title='bbox 320 2734 523 2812; x_wconf 87' lang='lat' dir='ltr'><strong>inusitatam,</strong></span> <span class='ocrx_word' id='word_1_224' title='bbox 546 2734 727 2799; x_wconf 91' lang='lat' dir='ltr'><strong>inauditum</strong></span> <span class='ocrx_word' id='word_1_225' title='bbox 746 2756 875 2820; x_wconf 91' lang='lat' dir='ltr'><strong>quoque</strong></span> <span class='ocrx_word' id='word_1_226' title='bbox 894 2735 923 2799; x_wconf 94' lang='lat' dir='ltr'><strong>ei</strong></span> <span class='ocrx_word' id='word_1_227' title='bbox 942 2737 990 2800; x_wconf 90' lang='lat' dir='ltr'><strong>rei</strong></span> <span class='ocrx_word' id='word_1_228' title='bbox 1012 2754 1117 2801; x_wconf 88' lang='lat' dir='ltr'><strong>nomen</strong></span> <span class='ocrx_word' id='word_1_229' title='bbox 1163 2744 1165 2773; x_wconf 58' lang='lat' dir='ltr'><strong>l</strong></span> 
     </span>
     <span class='ocr_line' id='line_1_31' title="bbox 120 2820 1117 2903; baseline 0.001 -20"><span class='ocrx_word' id='word_1_230' title='bbox 120 2822 299 2903; x_wconf 85' lang='lat' dir='ltr'><strong>imponere,</strong></span> <span class='ocrx_word' id='word_1_231' title='bbox 331 2842 387 2885; x_wconf 91' lang='lat' dir='ltr'><strong>cur</strong></span> <span class='ocrx_word' id='word_1_232' title='bbox 416 2844 482 2886; x_wconf 92' lang='lat' dir='ltr'><strong>non</strong></span> <span class='ocrx_word' id='word_1_233' title='bbox 513 2821 611 2886; x_wconf 90' lang='lat' dir='ltr'><strong>liceat</strong></span> <span class='ocrx_word' id='word_1_234' title='bbox 643 2820 782 2887; x_wconf 76' lang='lat' dir='ltr'><strong>Catoni?</strong></span> <span class='ocrx_word' id='word_1_235' title='bbox 835 2822 905 2888; x_wconf 90' lang='lat' dir='ltr'><strong>Nec</strong></span> <span class='ocrx_word' id='word_1_236' title='bbox 937 2829 1048 2889; x_wconf 86' lang='lat' dir='ltr'><strong>tamen</strong></span> <span class='ocrx_word' id='word_1_237' title='bbox 1073 2842 1117 2886; x_wconf 82' lang='lat' dir='ltr'><strong>ex·</strong></span> 
     </span>
     <span class='ocr_line' id='line_1_32' title="bbox 121 2908 1118 2996; baseline 0.002 -24"><span class='ocrx_word' id='word_1_238' title='bbox 121 2908 218 2991; x_wconf 87' lang='lat' dir='ltr'><strong>primi</strong></span> <span class='ocrx_word' id='word_1_239' title='bbox 250 2908 383 2972; x_wconf 88' lang='lat' dir='ltr'><strong>verbum</strong></span> <span class='ocrx_word' id='word_1_240' title='bbox 415 2931 432 2972; x_wconf 90' lang='lat' dir='ltr'><strong>e</strong></span> <span class='ocrx_word' id='word_1_241' title='bbox 463 2910 563 2974; x_wconf 87' lang='lat' dir='ltr'><strong>verbo</strong></span> <span class='ocrx_word' id='word_1_242' title='bbox 595 2931 725 2975; x_wconf 87' lang='lat' dir='ltr'><strong>necesse</strong></span> <span class='ocrx_word' id='word_1_243' title='bbox 763 2911 838 2995; x_wconf 85' lang='lat' dir='ltr'><strong>erit,</strong></span> <span class='ocrx_word' id='word_1_244' title='bbox 869 2914 907 2976; x_wconf 90' lang='lat' dir='ltr'><strong>ut</strong></span> <span class='ocrx_word' id='word_1_245' title='bbox 937 2912 1118 2996; x_wconf 79' lang='lat' dir='ltr'><strong>interpretes</strong></span> 
     </span>
     <span class='ocr_line' id='line_1_33' title="bbox 121 2996 1120 3083; baseline 0.002 -23"><span class='ocrx_word' id='word_1_246' title='bbox 121 2996 266 3060; x_wconf 88' lang='lat' dir='ltr'><strong>indiserti</strong></span> <span class='ocrx_word' id='word_1_247' title='bbox 289 2997 409 3080; x_wconf 89' lang='lat' dir='ltr'><strong>solent,</strong></span> <span class='ocrx_word' id='word_1_248' title='bbox 432 3018 505 3061; x_wconf 89' lang='lat' dir='ltr'><strong>cum</strong></span> <span class='ocrx_word' id='word_1_249' title='bbox 529 2999 573 3061; x_wconf 92' lang='lat' dir='ltr'><strong>sit</strong></span> <span class='ocrx_word' id='word_1_250' title='bbox 594 2999 740 3082; x_wconf 84' lang='lat' dir='ltr'><strong>verbum,</strong></span> <span class='ocrx_word' id='word_1_251' title='bbox 764 2999 848 3083; x_wconf 90' lang='lat' dir='ltr'><strong>qnod</strong></span> <span class='ocrx_word' id='word_1_252' title='bbox 871 2999 958 3064; x_wconf 89' lang='lat' dir='ltr'><strong>idem</strong></span> <span class='ocrx_word' id='word_1_253' title='bbox 981 2999 1120 3077; x_wconf 79' lang='lat' dir='ltr'><strong>declaret,</strong></span> 
     </span>
     <span class='ocr_line' id='line_1_34' title="bbox 121 3084 1119 3172; baseline 0.002 -25"><span class='ocrx_word' id='word_1_254' title='bbox 121 3085 227 3167; x_wconf 87' lang='lat' dir='ltr'><strong>magis</strong></span> <span class='ocrx_word' id='word_1_255' title='bbox 261 3085 425 3148; x_wconf 87' lang='lat' dir='ltr'><strong>usitatum.</strong></span> <span class='ocrx_word' id='word_1_256' title='bbox 479 3084 638 3168; x_wconf 81' lang='lat' dir='ltr'><strong>Equidem</strong></span> <span class='ocrx_word' id='word_1_257' title='bbox 678 3087 767 3151; x_wconf 90' lang='lat' dir='ltr'><strong>soleo</strong></span> <span class='ocrx_word' id='word_1_258' title='bbox 799 3087 911 3170; x_wconf 89' lang='lat' dir='ltr'><strong>etiam,</strong></span> <span class='ocrx_word' id='word_1_259' title='bbox 948 3088 1034 3172; x_wconf 89' lang='lat' dir='ltr'><strong>quod</strong></span> <span class='ocrx_word' id='word_1_260' title='bbox 1063 3106 1119 3151; x_wconf 86' lang='lat' dir='ltr'><strong>uno</strong></span> 
     </span>
     <span class='ocr_line' id='line_1_35' title="bbox 122 3170 1120 3260; baseline 0.002 -25"><span class='ocrx_word' id='word_1_261' title='bbox 122 3170 251 3255; x_wconf 85' lang='lat' dir='ltr'><strong>Graeci,</strong></span> <span class='ocrx_word' id='word_1_262' title='bbox 284 3171 311 3235; x_wconf 92' lang='lat' dir='ltr'><strong>si</strong></span> <span class='ocrx_word' id='word_1_263' title='bbox 344 3172 439 3236; x_wconf 89' lang='lat' dir='ltr'><strong>aliter</strong></span> <span class='ocrx_word' id='word_1_264' title='bbox 465 3195 530 3238; x_wconf 92' lang='lat' dir='ltr'><strong>non</strong></span> <span class='ocrx_word' id='word_1_265' title='bbox 558 3195 704 3257; x_wconf 88' lang='lat' dir='ltr'><strong>possum,</strong></span> <span class='ocrx_word' id='word_1_266' title='bbox 732 3175 817 3238; x_wconf 87' lang='lat' dir='ltr'><strong>idern</strong></span> <span class='ocrx_word' id='word_1_267' title='bbox 847 3175 995 3260; x_wconf 89' lang='lat' dir='ltr'><strong>pluribus</strong></span> <span class='ocrx_word' id='word_1_268' title='bbox 1022 3173 1120 3241; x_wconf 82' lang='lat' dir='ltr'><strong>verbis</strong></span> 
     </span>
     <span class='ocr_line' id='line_1_36' title="bbox 121 3260 1165 3350; baseline 0.005 -27"><span class='ocrx_word' id='word_1_269' title='bbox 121 3280 287 3343; x_wconf 88' lang='lat' dir='ltr'><strong>exponere.</strong></span> <span class='ocrx_word' id='word_1_270' title='bbox 331 3260 376 3324; x_wconf 87' lang='lat' dir='ltr'><strong>Et</strong></span> <span class='ocrx_word' id='word_1_271' title='bbox 398 3264 508 3325; x_wconf 91' lang='lat' dir='ltr'><strong>tamen</strong></span> <span class='ocrx_word' id='word_1_272' title='bbox 530 3265 609 3344; x_wconf 89' lang='lat' dir='ltr'><strong>puto</strong></span> <span class='ocrx_word' id='word_1_273' title='bbox 633 3261 765 3326; x_wconf 90' lang='lat' dir='ltr'><strong>concedi</strong></span> <span class='ocrx_word' id='word_1_274' title='bbox 788 3264 883 3328; x_wconf 93' lang='lat' dir='ltr'><strong>nobis</strong></span> <span class='ocrx_word' id='word_1_275' title='bbox 907 3269 1070 3350; x_wconf 90' lang='lat' dir='ltr'><strong>oportere,</strong></span> <span class='ocrx_word' id='word_1_276' title='bbox 1089 3264 1123 3328; x_wconf 80' lang='lat' dir='ltr'><strong>ut</strong></span> <span class='ocrx_word' id='word_1_277' title='bbox 1138 3262 1165 3313; x_wconf 51' lang='grc' dir='ltr'><strong><em>ἒ</em></strong></span> 
     </span>
     <span class='ocr_line' id='line_1_37' title="bbox 121 3346 1122 3434; baseline 0.004 -22"><span class='ocrx_word' id='word_1_278' title='bbox 121 3346 245 3412; x_wconf 87' lang='lat' dir='ltr'><strong>Graeco</strong></span> <span class='ocrx_word' id='word_1_279' title='bbox 272 3349 371 3412; x_wconf 85' lang='lat' dir='ltr'><strong>verbo</strong></span> <span class='ocrx_word' id='word_1_280' title='bbox 394 3353 536 3432; x_wconf 88' lang='lat' dir='ltr'><strong>utamur,</strong></span> <span class='ocrx_word' id='word_1_281' title='bbox 566 3349 594 3412; x_wconf 91' lang='lat' dir='ltr'><strong>si</strong></span> <span class='ocrx_word' id='word_1_282' title='bbox 621 3350 748 3434; x_wconf 87' lang='lat' dir='ltr'><strong>quando</strong></span> <span class='ocrx_word' id='word_1_283' title='bbox 771 3352 878 3415; x_wconf 89' lang='lat' dir='ltr'><strong>minus</strong></span> <span class='ocrx_word' id='word_1_284' title='bbox 902 3358 1050 3419; x_wconf 88' lang='lat' dir='ltr'><strong>occurret</strong></span> <span class='ocrx_word' id='word_1_285' title='bbox 1070 3350 1122 3416; x_wconf 78' lang='lat' dir='ltr'><strong>Ia·</strong></span> 
     </span>
     <span class='ocr_line' id='line_1_38' title="bbox 114 3436 1124 3526; baseline 0.005 -28"><span class='ocrx_word' id='word_1_286' title='bbox 114 3436 233 3521; x_wconf 74' lang='lat' dir='ltr'><strong>tinum,</strong></span> <span class='ocrx_word' id='word_1_287' title='bbox 261 3457 304 3502; x_wconf 92' lang='lat' dir='ltr'><strong>ne</strong></span> <span class='ocrx_word' id='word_1_288' title='bbox 331 3437 395 3505; x_wconf 89' lang='lat' dir='ltr'><strong>hoc</strong></span> <span class='ocrx_word' id='word_1_289' title='bbox 424 3437 623 3524; x_wconf 80' lang='lat' dir='ltr'><strong>ephippiis</strong></span> <span class='ocrx_word' id='word_1_290' title='bbox 655 3441 689 3502; x_wconf 91' lang='lat' dir='ltr'><strong>et</strong></span> <span class='ocrx_word' id='word_1_291' title='bbox 720 3439 992 3522; x_wconf 87' lang='lat' dir='ltr'><strong>acratophoris</strong></span> <span class='ocrx_word' id='word_1_292' title='bbox 1022 3440 1124 3526; x_wconf 84' lang='lat' dir='ltr'><strong>potius</strong></span> 
     </span>
    </p>
   </div>
   <div class='ocr_carea' id='block_1_3' title="bbox 0 0 1190 3876">
    <p class='ocr_par' dir='ltr' id='par_1_3' title="bbox 0 0 1190 3876">
     <span class='ocr_line' id='line_1_39' title="bbox 0 0 1190 3876; baseline 0 0"><span class='ocrx_word' id='word_1_293' title='bbox 0 0 1190 3876; x_wconf 95' lang='lat' dir='ltr'><strong> </strong></span> 
     </span>
    </p>
   </div>
  </div>
 </body>
</html>
