2346 3876
324 131 394 186 mn.
413 132 446 186 v.
474 131 551 185 cnr.
570 137 657 186 4-o.
685 137 700 198 e
720 138 840 186 11-10.
1024 131 1087 194 241

78 295 237 378 pleraque
259 297 292 358 et
313 315 475 377 perpauca
497 294 536 358 de
560 294 713 358 moribus.
751 292 870 375 Huius,
893 293 995 377 Lyco,
1019 315 1089 359 ora·

78 383 170 448 tione
192 381 352 465 locuples,
373 381 472 446 rebus
490 381 570 465 ipsis
588 381 734 446 ieiunior.
771 379 956 445 Concinnus
974 381 1088 447 deinde

79 474 114 534 et
143 469 274 554 elegans
301 469 411 547 huius,
433 468 562 552 Aristo,
591 469 646 533 sed
669 491 721 552 ea,
744 489 826 553 quae
848 467 1089 534 desideratura

78 577 203 642 magno
232 556 441 641 philosopho,
470 557 631 640 gravitas,
659 557 694 620 in
716 577 754 621 eo
777 577 844 621 non
866 556 941 634 fuit3
970 558 1090 640 scripta

50 666 160 711 ssane
179 648 213 708 et
230 645 333 709 multa
351 649 385 708 et
406 645 523 728 polita,
547 643 603 709 sed
624 645 815 727 nescioquo
838 648 935 727 pacto
955 645 1090 708 anctori-

79 736 185 798 tatem
216 732 319 797 oratio
350 753 418 797 non
448 732 557 796 habet
610 731 782 796 Praetereo
815 732 947 814 multos,
973 732 1008 795 in
1036 732 1089 797 his
1110 745 1143 791 14

79 819 212 885 doctum
234 820 399 884 hominem
418 823 452 883 et
469 841 615 901 suavem,
638 819 886 902 Hieronymum,
909 841 1003 901 quern
1025 821 1090 884 iam

80 930 139 972 eur
166 907 420 991 Peripateticum
448 907 622 991 appellem,
649 907 768 972 nescio.
813 904 979 974 Summum
1004 909 1089 972 enim

80 997 204 1062 bonum
236 995 386 1078 exposuit
416 996 611 1059 vacuitatem
643 995 777 1078 doloris3
815 996 871 1079 qui
908 999 1016 1059 autem
1051 997 1090 1059 de

41 1110 67 1149 ιο
81 1105 210 1148 summo
238 1083 325 1148 bono
352 1082 516 1165 dissentit,
543 1083 582 1146 de
608 1085 679 1147 tota
710 1083 936 1167 philosophiae
965 1084 1091 1147 ratione

80 1171 245 1236 dissentit.
281 1168 443 1234 Critolaus
462 1171 585 1235 imitari
603 1171 706 1235 voluit
725 1171 887 1254 antiquos,
911 1175 944 1235 et
963 1171 1090 1254 quidem

81 1263 133 1324 est
154 1259 319 1344 gravitate
341 1259 522 1341 proximus,
544 1261 577 1322 et
598 1258 756 1322 redundat
779 1259 896 1341 oratic,
921 1281 959 1323 ac
980 1264 1091 1323 temen

79 1367 120 1412 nc
150 1348 180 1412 is
208 1346 337 1430 quidem
364 1346 399 1410 in
425 1346 542 1428 patriis
570 1345 727 1409 institutis
755 1351 873 1410 manet.
922 1346 1091 1429 Diodorus,

82 1435 152 1500 eius
181 1433 321 1516 auditor,
349 1433 497 1518 adiungit
519 1433 559 1497 ad
585 1433 790 1515 honestatem
816 1434 1014 1499 vacuitatem
1036 1435 1091 1498 do-

44 1547 69 1586 15
82 1522 172 1589 loris.
216 1519 281 1585 Hie
308 1542 433 1605 quoque
460 1543 536 1584 suus
564 1524 615 1584 eat
641 1520 681 1584 de
704 1541 893 1604 summoque
917 1521 1004 1585 bono
1028 1521 1091 1585 dis-

81 1609 227 1674 sentiens
260 1609 323 1672 dioi
354 1629 428 1673 vere
459 1608 693 1691 Peripateticus
725 1630 793 1673 non
823 1610 940 1690 potest
997 1609 1092 1673 Anti-

80 1719 221 1781 quorum
261 1700 369 1761 autem
406 1697 600 1760 sententiam
640 1695 822 1760 Antiochus
864 1699 975 1760 noster
1011 1695 1091 1759 mihi

80 1784 211 1850 videtur
232 1784 383 1868 persequi
405 1784 666 1868 diligentissime,
688 1806 785 1867 quam
809 1783 943 1848 eandem
966 1783 1091 1847 Aristo-

80 1873 142 1938 teli
164 1871 264 1936 fuiase
287 1875 321 1935 et
341 1871 527 1937 Polemonis
550 1871 652 1936 docet.
1130 1932 1136 1949 ,

43 1988 69 2026 so
150 1959 243 2024 Facit
269 1960 370 2043 igitur
396 1959 513 2024 Lucius
539 1963 651 2024 noster
676 1959 863 2042 prudenter,
895 1960 950 2043 qui
982 1932 1145 2054 audiress

82 2049 123 2113 de
141 2069 269 2113 summo
288 2049 374 2113 bono
392 2047 598 2130 potissimum
616 2047 709 2129 velit3
727 2047 791 2113 hoc
808 2048 893 2112 enim
912 2048 1091 2112 constituto

81 2138 118 2201 in
144 2134 354 2220 philosophia
381 2135 559 2199 constituta
586 2138 662 2200 sunt
688 2136 805 2200 omnia.
859 2135 946 2200 Nam
976 2136 1096 2200 ceteris·

81 2226 117 2288 in
153 2223 251 2288 rebus
294 2223 360 2287 sive
402 2223 667 2305 praetermissum
708 2223 775 2287 sive
815 2224 1002 2308 ignoratum
1043 2227 1093 2287 est

84 2312 266 2396 quippiam,
301 2332 367 2374 non
402 2310 476 2393 plus
512 2311 708 2375 incommodi
744 2314 809 2393 est,
846 2333 943 2395 quam
980 2313 1093 2395 quanti

44 2419 231 2484 aquaeque
259 2420 367 2462 earum
395 2419 502 2462 rerum
530 2402 594 2483 est,
621 2399 654 2462 in
683 2399 799 2482 quihus
830 2398 1013 2482 neglectum
1043 2402 1093 2462 est

83 2487 220 2571 aliquid3
243 2507 404 2550 summum
425 2489 536 2550 autem
557 2487 678 2551 bonum
703 2486 732 2549 si
754 2486 937 2570 ignoretur,
964 2486 1092 2549 vivendi

81 2576 245 2640 rationem
277 2574 421 2657 ignorari
450 2595 580 2638 necesse
607 2577 670 2656 est3
703 2594 742 2636 ex
773 2596 837 2657 quo
864 2576 974 2637 tantus
1004 2595 1093 2636 error

83 2662 306 2746 consequitur,
332 2664 381 2744 ut,
409 2683 504 2745 quem
530 2662 565 2725 in
590 2665 721 2745 portum
749 2683 784 2726 se
811 2662 980 2744 recipiant,
1012 2660 1092 2724 scire

82 2773 150 2815 non
173 2749 309 2833 possint.
354 2748 501 2833 Cognitis
526 2752 633 2813 autem
656 2771 764 2814 rerum
790 2749 921 2834 finibus,
948 2770 1020 2813 cum
1042 2749 1093 2812 in-

47 2863 72 2904 ec
84 2838 267 2922 tellegitur,
289 2836 364 2920 quid
383 2837 427 2901 sit
445 2841 478 2901 et
497 2838 658 2902 bonorum
677 2841 855 2901 extremum
873 2838 1093 2920 etmalorum

84 2928 219 2992 inventa
240 2925 328 2990 vitae
351 2925 404 2990 via
426 2929 476 2989 est
505 2925 782 3010 conformatioque
805 2926 949 2989 omnium
973 2925 1093 2990 officio·

83 3036 171 3097 rum,
193 3015 351 3078 inventam
372 3013 485 3097 igitur,
512 3037 575 3098 quo
599 3014 736 3097 quidque
758 3013 931 3097 referatur,
959 3035 998 3078 ex
1021 3034 1147 3097 quo,1o

84 3102 118 3167 id
140 3100 227 3186 quod
250 3121 360 3166 omnes
383 3104 549 3184 expetunt,
577 3102 671 3166 beate
694 3101 822 3167 vivendi
844 3102 930 3167 ratio
952 3100 1092 3165 inveniri

86 3194 119 3254 et
136 3189 320 3272 comparari
342 3191 458 3272 potest
496 3188 588 3265 Quod
606 3190 760 3274 quoniam
777 3191 812 3253 in
830 3211 894 3273 quo
912 3191 955 3253 sit
973 3209 1093 3272 magna

51 3278 246 3343 aedissensio
274 3280 336 3358 est,
364 3275 542 3341 Carneadia
567 3278 663 3342 nobis
686 3277 868 3343 adhibenda
896 3276 1011 3341 divisio
1035 3278 1092 3351 est,

87 3387 151 3450 qua
175 3368 288 3430 noster
314 3364 494 3430 Antiochus
522 3365 662 3430 libenter
689 3366 739 3430 uti
767 3366 857 3429 solet
906 3363 965 3427 Ille
993 3362 1093 3445 igitur

87 3453 181 3537 vidit,
207 3475 275 3518 non
301 3452 396 3517 modo
425 3456 504 3537 quot
529 3453 668 3518 fuissent
694 3453 798 3518 adhuc
825 3449 1094 3535 philosophorum
1160 3432 1170 3529 i

138 3565 195 3606 010.
208 3565 250 3606 1v.
270 3568 288 3605 l.
902 3559 942 3608 hit
