2346 3876
48 183 53 210 a
117 147 182 211 376
311 142 610 199 TUSCULANARUM
627 140 931 201 DISPUTATIONUM

54 317 57 346 ¹
115 309 214 372 istam
248 306 327 372 dicit
351 307 559 391 voluptatem.
589 341 627 352 -
657 304 756 372 Dicat
787 306 979 392 quamlibet;
1009 327 1116 390 nempe

53 473 56 480 .
117 417 188 460 eam
215 395 307 479 dicit,
334 395 368 459 in
394 417 459 479 qua
487 394 616 459 virtutis
638 394 729 457 nulla
751 415 828 477 pars
856 393 946 458 insit
990 394 1073 479 Age,
1092 395 1117 458 si

54 492 56 498 ⁴
115 483 319 568 voluptatem
350 505 417 548 non
447 482 681 566 intellegimus,
716 503 757 545 ne
796 481 941 546 dolorem
978 481 1117 567 quidem?

115 571 210 656 Nego
241 571 343 656 igitur
374 570 443 635 eius
477 592 559 653 esse,
590 570 645 654 qui
673 569 785 634 dolore
813 591 976 635 summum
1005 571 1118 634 malum

62 721 105 783 21
117 661 283 737 metiatur,
305 659 511 759 mentionem·
525 658 631 722 facere
655 657 794 759 rirtutis.
825 746 862 760 ..
955 746 961 760 ¹
1001 747 1009 760 ι
1129 680 1140 722 a

62 798 98 847 ⁵⁰
116 746 242 900 null
255 745 865 920 hufflattaElllllulffj
891 743 1121 899 lllhlht

116 924 221 988 dicere
249 927 362 988 contra
388 922 574 1005 Epicurum.
622 921 687 998 lta,
716 921 823 1003 credo,
855 921 893 986 de
921 922 1046 987 honore
1072 926 1122 987 aut

116 1011 155 1074 de
182 1011 343 1095 dignitate
370 1009 601 1074 contendimus.
650 1008 734 1072 Mihi
761 1030 923 1074 summum
954 1011 991 1076 in
1022 1011 1121 1075 animo

116 1099 236 1164 bonum
254 1099 392 1181 videtur,
414 1098 465 1161 illi
483 1101 593 1162 autem
614 1097 651 1161 in
673 1118 819 1180 corpore,
841 1097 929 1169 mihi
946 1098 982 1162 in
1000 1099 1122 1182 virtute,
1133 1120 1153 1159 a

115 1187 166 1251 illi
184 1186 220 1250 in
237 1186 413 1269 voluptate.
444 1185 491 1250 Et
508 1185 560 1249 illi
576 1188 730 1270 pugnant,
749 1189 782 1249 et
799 1185 931 1269 quidem
948 1187 1122 1252 vicinorum

116 1275 211 1338 fidem
241 1273 419 1356 inplorant3
451 1274 546 1339 multi
574 1277 683 1338 autem
711 1275 798 1356 sunt,
826 1273 882 1359 qui
913 1275 1028 1338 statim
1055 1297 1122 1340 con-

116 1362 232 1426 volent.
285 1360 357 1445 Ego
391 1384 463 1426 sum
494 1362 537 1443 is,
568 1361 623 1445 qui
655 1361 761 1426 dicam
792 1383 843 1424 me
870 1383 939 1426 non
966 1363 1122 1446 laborare3

63 1464 96 1514 51
117 1453 224 1514 actum
242 1449 443 1532 habiturum,
467 1449 553 1533 quod
571 1449 706 1534 egerint
742 1447 826 1524 Quid
845 1450 956 1514 enim?
979 1451 1020 1515 de
1043 1451 1121 1516 bello

115 1538 237 1603 Punico
270 1537 402 1622 agitur?
434 1537 474 1602 de
506 1559 569 1622 quo
600 1538 673 1620 ipso
708 1557 781 1602 cum
813 1537 901 1601 aliud
929 1536 973 1603 M
1004 1536 1152 1620 Catonia

117 1627 204 1691 aliud
220 1625 256 1690 L.
274 1626 411 1691 Lentulo
430 1625 604 1709 videretur,
626 1625 717 1690 nulla
738 1626 824 1690 inter
847 1647 903 1690 eos
928 1628 1120 1692 concertatio

116 1737 269 1799 umquam
295 1714 366 1779 fuit.
416 1713 461 1777 Hi
486 1713 584 1777 nimis
612 1712 764 1778 iracunde
792 1716 906 1797 agunt,
936 1716 1121 1798 praesertim

42 1829 44 1832 ⁴
116 1825 190 1867 cum
217 1803 258 1867 ab
286 1802 327 1866 iis
341 1824 420 1879 ‚non
449 1823 527 1866 sane
561 1801 708 1867 animosa
734 1801 924 1866 defendatur
957 1804 1121 1884 sententia,

40 1889 49 1925 ·'
115 1912 175 1974 pro
203 1912 267 1974 qua
293 1912 358 1954 non
385 1891 420 1953 in
448 1893 573 1972 senatu,
599 1911 666 1954 non
692 1889 727 1953 in
754 1890 915 1973 contione,
945 1912 1014 1957 non
1046 1890 1121 1976 apud

47 1990 48 1995 ’
115 1979 290 2043 exercitum
307 1999 410 2060 neque
429 1978 470 2041 ad
488 1999 635 2042 censores
660 1977 764 2042 dicere
782 1978 930 2044 audeant
969 1976 1034 2044 Sed
1055 2000 1148 2044 cuma

48 2123 50 2127 .
115 2066 190 2130 istis
214 2066 308 2149 alias,
336 2069 369 2130 et
391 2087 428 2129 ec
452 2065 581 2148 quidem
604 2065 726 2146 enimc,
755 2065 881 2130 nullum
904 2071 943 2132 ut
965 2071 1118 2133 certamen

114 2153 297 2237 instituam,
320 2175 432 2218 verum
455 2152 634 2217 dicentibus
657 2153 752 2217 facile
771 2153 896 2236 cedam3
919 2158 1052 2221 tanturn
1073 2155 1118 2223 ad·

115 2242 268 2319 monebo,
296 2241 324 2305 si
353 2241 492 2305 maxime
519 2263 631 2305 verum
659 2241 703 2305 sit
730 2241 771 2305 ad
798 2263 916 2325 corpus
946 2246 1058 2309 omnia
1079 2264 1118 2307 re·

114 2329 199 2394 ferre
217 2329 396 2413 sapientem
416 2329 496 2411 sive,
518 2332 556 2393 ut
573 2328 742 2393 honestius
761 2328 880 2408 dicam,
902 2330 989 2395 nihil
1016 2332 1118 2407 facere,

114 2417 179 2482 nisi
205 2417 290 2502 quod
318 2417 481 2501 expediat,
509 2417 576 2481 sive
601 2417 709 2482 omnia
736 2417 856 2481 referre
885 2418 926 2482 ad
952 2421 1118 2484 utilitatem
1128 2435 1146 2476 a

116 2528 221 2590 suam,
244 2506 397 2589 quoniam
419 2505 500 2569 haec
522 2504 709 2588 plausibilia
731 2527 797 2570 non
820 2509 908 2591 sunt,
938 2509 1035 2574 utin
1058 2510 1119 2574 sinu

116 2595 290 2678 gaudeant,
313 2594 454 2677 gloriose
477 2592 567 2676 loqui
590 2593 748 2657 desinant.

61 2653 105 2778 ἕξ
182 2678 433 2765 Cyrenaicorum
461 2684 565 2746 restat
593 2681 769 2765 sententia3
800 2682 855 2765 qui
885 2686 957 2747 tum
988 2685 1119 2770 aegritu·

116 2769 223 2833 dinem
251 2773 382 2834 censent
410 2769 562 2853 existere,
589 2769 619 2833 si
644 2770 839 2853 necopinato
868 2771 947 2853 quid
977 2771 1118 2837 evenerit

113 2855 176 2921 Est
200 2857 234 2920 id
262 2857 390 2939 quidem
417 2855 586 2942 magnum,
613 2860 771 2940 utsupra
794 2857 873 2943 dixi,
901 2859 1004 2924 etiam
1027 2859 1148 2943 chry-a

113 2945 209 3097 tlh
224 2944 614 3096 {hdithlullssl
633 2946 992 3098 llllidldnilhln
1012 2945 1120 3111 ihi

451 3082 458 3115 ,
971 3084 978 3098 .

113 3143 211 3204 quarn
240 3118 385 3182 hostium
408 3140 524 3202 repens
548 3119 705 3185 adventus
728 3120 834 3204 magis
858 3122 1028 3204 aliquanto
1053 3144 1119 3188 con-

112 3209 224 3273 turbat
258 3228 355 3290 quam
387 3210 588 3292 expectatuS,
620 3211 653 3272 et
682 3209 781 3274 maris
809 3209 919 3273 subita
950 3213 1120 3296 tempestas

113 3318 210 3380 quam
233 3297 307 3359 ante
337 3294 468 3377 provisa
490 3298 592 3359 terret
613 3297 805 3380 navigantes
829 3297 1068 3380 vehementius,
1092 3301 1150 3361 ctu

114 3385 183 3449 eius
207 3382 295 3448 modi
319 3385 394 3446 sunt
422 3382 583 3467 pleraque.
638 3382 715 3468 Sed,
747 3407 820 3450 oum
850 3385 1027 3471 diligenter
1054 3406 1120 3451 neo·

107 3473 318 3557 opinatarum
347 3474 500 3538 naturam
531 3472 727 3558 consideres,
754 3473 836 3537 nihil
864 3474 952 3538 aliud
981 3474 1120 3559 reperias
