2356 3870
330 167 398 223 ma
417 169 451 223 11.
479 169 556 226 cnr.
576 175 607 239 4,
625 175 650 224 5.
680 174 695 235 s
713 175 835 227 12-1c.
1024 171 1087 234 127

155 327 272 394 Tanta
289 329 449 395 laetitia
468 335 604 395 auctus
624 353 718 410 sunr,
741 335 782 395 ut
799 331 900 397 nihil
920 336 1090 417 constet,

36 454 38 459 '
101 454 222 534 etcum,
245 454 315 537 qui:

148 573 252 641 Nunc
275 576 423 641 demum
446 577 540 641 mihi
566 578 716 642 animus
740 578 863 660 ardet,

93 719 215 781 quornm
243 699 326 763 alter
352 699 480 765 laetitia
510 702 644 785 gestiat,
671 702 753 765 alter
784 701 893 766 ‹lolorc
923 703 1089 783 crucietur,

70 808 149 850 resse
171 787 264 851 illum
286 787 441 852 medium:
685 787 690 797 '

145 909 378 995 Quamquam
400 911 495 976 haec
517 912 621 976 inter
641 934 710 977 nos
732 917 854 996 nuper
876 914 1021 977 notitia

436 999 634 1065 admodum
658 1004 730 1084 est,

84 1123 132 1206 qui
152 1143 214 1187 nec
237 1122 376 1186 laetetur
397 1143 456 1186 nec
479 1127 630 1207 angatur,
653 1123 793 1207 itemque
814 1124 898 1188 inter
922 1147 1009 1209 eum,
1031 1127 1087 1208 qui

83 1210 223 1293 potiatur
251 1210 395 1293 corporis
424 1211 574 1294 expetitis
602 1211 838 1295 voluptatibus,
861 1216 1003 1296 etcum,
1032 1214 1087 1297 qui

58 1322 75 1360 a
85 1298 279 1364 excrucietur
301 1298 434 1363 summis
458 1298 637 1380 doloribus,
666 1321 736 1364 esse
759 1322 845 1384 eum,
875 1302 930 1384 qui
950 1306 1087 1386 utroque

83 1390 196 1452 careat.
1112 1440 1125 1452 .

140 1473 273 1540 Satisne
304 1475 405 1559 igitur
435 1474 548 1539 videor
578 1475 644 1539 vim
680 1476 851 1541 verborum
887 1480 1012 1560 tenere,
1045 1458 1140 1564 an1⁰5

84 1584 147 1628 sum
174 1563 276 1628 etiam
301 1583 387 1626 nunc
414 1562 468 1628 vel
495 1561 616 1627 Graece
644 1564 734 1648 loqui
763 1565 815 1629 vel
838 1562 951 1629 Latine
974 1564 1086 1629 docen-

84 1651 157 1716 dus?
215 1650 261 1714 Et
291 1653 402 1715 tamen
437 1651 522 1734 vide,
558 1673 614 1734 ne,
647 1652 675 1715 si
707 1671 768 1735 ego
794 1673 860 1716 non
890 1652 1086 1736 intellegam,

57 1761 74 1800 a
85 1739 153 1822 quid
176 1738 337 1823 Epicurus
360 1739 523 1822 loquatur,
546 1761 619 1803 cum
639 1738 772 1822 Graece,
795 1745 832 1804 ut
851 1740 976 1822 videor,
999 1741 1086 1804 lucu-

85 1825 182 1893 lenter
204 1827 319 1907 sciam,
345 1826 389 1890 sit
412 1827 521 1910 aliqua
547 1828 642 1910 culpa
665 1828 746 1910 eius,
774 1829 829 1911 qui
857 1827 904 1891 ita
926 1829 1086 1912 loquatur,

34 1924 36 1993 ζ
86 1918 116 1979 ut
134 1937 202 1980 non
223 1915 442 1999 intellegatur.
479 1915 571 1992 Quod
594 1916 719 1981 duobus
738 1917 842 1981 modis
866 1917 934 1981 sine
957 1939 1085 1999 repren-

34 1998 36 2057 l
87 2003 166 2068 sione
194 2004 245 2086 fit,
277 2003 305 2067 si
340 2007 395 2067 aut
422 2003 460 2067 de
488 2003 647 2068 industria
677 2004 792 2086 facias,
824 2008 861 2068 ut
892 2003 1088 2090 Heraclitus,

89 2088 348 2176 ‘cognomento
385 2091 451 2174 qui
487 2087 690 2168 cccccccccc
720 2092 961 2176 perhibetur,
998 2095 1087 2177 quia

63 2177 123 2242 ado
151 2185 292 2246 natura
322 2180 437 2243 nimis
465 2180 626 2245 obscure
655 2180 905 2264 memoravit,'
934 2186 991 2246 aut
1014 2204 1087 2246 cum

88 2287 185 2332 rerum
208 2268 402 2350 obscuritas,
428 2289 493 2332 non
515 2268 700 2352 verborum,
727 2268 818 2350 facit,
845 2272 969 2333 utnon
991 2270 1087 2333 intel-

88 2352 205 2441 legatur
232 2356 350 2438 oratio,
377 2355 481 2439 qualis
509 2359 559 2420 est
586 2357 621 2420 in
648 2356 779 2421 Timaeo
807 2355 963 2420 Platonis
1007 2357 1085 2440 Epi-

87 2462 169 2509 curus
189 2447 312 2522 autem,
335 2447 372 2507 nt
390 2444 518 2527 opinor,
541 2465 683 2508 necnon
702 2445 783 2528 vult,
808 2445 835 2507 si
853 2445 964 2526 possit,
987 2445 1088 2527 plane

87 2534 112 2594 ct
135 2536 247 2616 aperte
273 2531 375 2616 loqui,
400 2553 460 2595 nec
488 2532 527 2596 de
554 2554 589 2596 re
620 2532 768 2610 obscura,
795 2534 831 2595 ut
858 2530 997 2614 physici,
1028 2536 1085 2596 ant

61 2621 264 2701 nmificiosa,
287 2619 579 2701 utmathematici,
603 2619 659 2683 sed
681 2620 719 2684 de
742 2619 861 2685 illustri
885 2623 917 2683 et
939 2619 1027 2684 facili
1052 2624 1089 2684 et

86 2705 138 2773 iam
165 2709 202 2774 in
229 2708 346 2792 vulgus
373 2713 549 2792 pervagata
580 2708 730 2792 loquitur.
784 2708 986 2791 Quamquam
1017 2729 1086 2772 non

84 2797 203 2881 negatis
230 2817 291 2860 nos
317 2797 519 2880 intellegere,
548 2796 623 2879 quid
651 2797 694 2860 sit
726 2797 889 2880 voluptas,
922 2795 977 2860 sed
1008 2796 1085 2880 quid

84 2881 128 2949 ille
150 2885 253 2968 dicat3
274 2886 298 2948 'e
327 2906 390 2968 quo
418 2885 570 2967 efficitur,
596 2905 663 2949 non
684 2887 722 2948 ut
743 2906 802 2949 nos
827 2905 894 2948 non
915 2885 1083 2969 intellega-

84 2992 160 3059 mus,
188 2993 270 3057 quae
296 2972 347 3036 vis
374 2972 417 3036 sit
444 2973 539 3036 istius
566 2971 669 3056 verbi,
699 2972 755 3037 sed
776 2975 813 3036 nt
834 2972 890 3036 ille
914 2994 971 3038 suo
994 2995 1083 3037 more

59 3057 240 3147 eloquatur,
277 3064 427 3125 nostrum
461 3061 623 3144 neglegat.
683 3057 718 3124 Si
754 3060 839 3124 enim
875 3061 961 3125 idem
997 3061 1084 3142 dicit,
1104 3081 1139 3128 1o

84 3149 160 3232 quod
187 3147 422 3232 Hieronymus,
449 3149 504 3233 qui
532 3151 641 3212 censet
668 3169 829 3213 summum
860 3148 980 3213 bonum
1014 3170 1083 3212 esse

84 3236 144 3303 sine
174 3238 241 3302 ulla
268 3237 418 3302 molestia
444 3238 570 3320 vivere,
597 3258 653 3300 cur
682 3237 806 3301 mavult
835 3236 939 3301 dicere
971 3236 1084 3318 volup·

83 3326 178 3392 tatem
210 3346 307 3410 quam
337 3325 532 3390 vacuitatem
565 3324 700 3408 doloris,
730 3329 767 3389 ut
798 3324 854 3389 ille
890 3323 982 3407 facit,
1018 3323 1083 3407 qui,

84 3413 152 3496 qnid
182 3413 283 3495 dicat,
314 3412 498 3499 intellegit?
530 3413 580 3478 sin
612 3416 721 3477 autem
751 3413 952 3495 voluptatem
987 3414 1083 3493 putat

57 3500 310 3588 iniungendam
329 3523 414 3586 eam,
432 3522 514 3586 quae
533 3501 576 3566 sit
593 3502 629 3566 in
646 3503 737 3566 motu
756 3498 818 3585 (sic
836 3499 920 3563 enim
937 3498 1083 3582 appellat
