2346 3876
122 121 186 181 114
288 117 336 170 DE
356 115 501 171 FINIBUS
520 114 698 171 BONORUM
714 116 762 170 ET
780 114 962 197 MAhORUM

67 277 264 364 181aetitia,
301 281 328 344 si
363 280 460 344 bona.
518 276 546 342 Ο
577 279 775 362 praeclaram
806 279 900 342 beate
932 278 1062 344 vivendi
1098 284 1130 344 et

121 373 266 452 apertam
290 371 322 432 et
346 367 524 451 simplicem
547 370 580 430 et
602 366 762 431 derectam
783 367 897 431 vitam!
936 364 1020 431 Cum
1044 368 1127 432 enim

121 460 206 521 certe
238 456 321 520 nihil
352 455 477 521 homini
507 455 613 539 possit
643 455 758 519 melius
792 476 862 519 esse
891 476 989 539 quam
1017 478 1127 520 vacare

121 545 209 610 omni
232 539 342 608 dolore
366 547 399 608 et
421 543 571 608 molestia
593 541 778 626 perfruique
799 544 950 608 maximis
974 547 1007 607 et
1030 544 1127 609 animi

120 637 153 697 et
172 632 315 714 corporis
334 631 570 714 voluptatibus,
587 630 753 713 videtisne,
771 652 867 713 quam
885 631 968 696 nihil
986 635 1147 715 praeter-a

120 721 283 803 mittatur,
311 719 395 804 quod
423 719 524 783 vitam
551 718 693 801 adiuvet,
712 740 783 802 -quo
810 718 938 783 facilius
967 719 1016 802 id,
1045 720 1126 805 quod

119 808 322 892 propositum
336 811 394 890 est,
414 828 574 871 summum
588 807 709 871 bonum
722 806 978 890 consequamur?
1002 806 1127 873 Clamat

119 896 288 980 Epicurus,
307 897 335 960 is
355 917 451 979 quem
464 916 521 959 vos
542 894 639 958 nimis
657 894 878 978 voluptatibus
898 916 968 959 esse
987 895 1125 960 deditum

120 984 240 1066 dicitis,
263 1006 329 1049 non
347 1004 444 1066 posse
461 982 595 1046 iucunde
614 982 692 1065 vivi,
715 982 778 1046 nisi
797 983 974 1066 sapienter,
992 983 1124 1048 honeste

120 1073 266 1155 iusteque
293 1072 434 1153 vivatur,
463 1091 522 1135 nec
549 1069 725 1154 sapienter,
756 1070 907 1154 honeste,
934 1072 1035 1155 iuste,
1064 1071 1123 1135 nisi
1133 1094 1153 1133 a

67 1179 102 1228 58
120 1159 264 1224 iucunde.
312 1159 425 1243 Neque
452 1158 538 1222 enim
565 1158 678 1222 civitas
701 1159 737 1222 in
759 1158 916 1224 seditione
939 1159 1037 1224 beata
1059 1181 1123 1224 esse

119 1251 228 1330 potest
249 1268 308 1311 nec
330 1247 365 1311 in
388 1245 547 1311 discordia
565 1245 767 1310 dominorum
788 1246 915 1330 domus3
940 1268 1003 1329 quo
1023 1248 1123 1312 minus

120 1335 245 1399 animus
260 1358 280 1399 a
294 1356 328 1398 se
346 1335 416 1418 ipse
434 1334 592 1404 dissidens
606 1355 777 1417 secumque
796 1334 984 1400 discordans
998 1340 1123 1422 gustare

119 1426 246 1506 partem
280 1423 381 1487 ullam
408 1421 549 1507 liquidae
581 1422 760 1505 voluptatis
793 1426 826 1487 et
856 1422 979 1487 liberae
1011 1427 1122 1508 potest.

119 1511 221 1595 Atqui
252 1510 472 1595 pugnantibus
504 1514 537 1573 et
569 1511 740 1574 contrariis
772 1510 887 1575 studiis
920 1513 1121 1596 consiliisque
1132 1532 1151 1572 ιε

120 1622 245 1684 semper
259 1603 352 1664 utens
371 1598 453 1663 nihil
472 1597 574 1681 quieti
592 1596 707 1681 videre,
725 1598 808 1662 nihil
829 1599 999 1683 tranquilli
1012 1605 1121 1684 potest.

66 1709 100 1756 59
119 1688 242 1764 Quodsi
275 1687 418 1770 corporis
451 1685 654 1770 gravioribus
682 1686 803 1751 morbis
830 1687 917 1752 vitae
946 1688 1121 1752 iucunditas
1153 1696 1157 1703 '

118 1776 305 1858 impeditur,
334 1777 453 1858 quanto
481 1773 586 1857 magis
613 1774 714 1838 animi
740 1774 863 1839 morbis
895 1775 1047 1859 impediri
1073 1797 1122 1840 ne

119 1885 207 1929 cesse
234 1865 298 1926 est!
343 1862 454 1926 Animi
477 1865 586 1925 autem
612 1862 719 1927 morbi
747 1866 824 1926 sunt
853 1863 1048 1946 cupiditates
1070 1865 1122 1928 im·

119 1973 247 2016 mensae
279 1953 312 2014 et
342 1951 454 2014 inanes
486 1949 687 2033 divitiarum,
719 1950 856 2034 gloriae,
888 1951 1152 2033 dominationis,a

118 2040 365 2107 libidinosarum
393 2038 490 2102 etiam
522 2038 734 2121 voluptatum.
789 2038 956 2104 Accedunt
988 2041 1122 2125 aegritu·

119 2127 224 2208 dines,
251 2126 433 2209 molestiae,
460 2147 634 2209 maerores,
661 2127 717 2208 qui
739 2127 879 2191 exedunt
905 2128 1031 2193 animos
1055 2149 1123 2193 con·

118 2215 291 2298 ficiuntque
327 2214 411 2278 euris
447 2212 615 2279 hominum
651 2236 719 2279 non
754 2215 1013 2300 intellegentium
1045 2215 1123 2280 nihil

118 2303 289 2367 dolendum
326 2323 396 2366 esse
432 2301 555 2384 animo,
592 2301 677 2385 quod
712 2303 754 2366 sit
786 2324 805 2367 a
837 2302 948 2368 dolore
981 2304 1122 2388 eorporis

117 2391 280 2474 praesenti
313 2390 462 2454 futurove
499 2390 686 2454 seiunctum.
744 2390 813 2455 Nec
849 2413 924 2455 vero
956 2394 1157 2476 quisquamne

118 2480 236 2544 stultus
268 2501 335 2544 non
365 2478 482 2542 horum
513 2477 699 2542 morborum
727 2479 834 2563 aliquo
863 2478 1005 2564 laborat,
1033 2501 1124 2544 nemo

64 2588 99 2636 ao
117 2568 218 2652 igitur
244 2567 356 2632 stultus
382 2587 448 2630 non
475 2566 583 2630 miser.
631 2565 765 2630 Accedit
792 2567 889 2631 etiam
917 2589 1018 2651 mors,
1048 2588 1126 2653 quae

117 2655 211 2738 quasi
238 2677 351 2719 saxum
383 2653 521 2718 Tantalo
550 2657 676 2737 semper
706 2654 885 2738 impendet,
916 2658 988 2719 tum
1019 2677 1126 2740 super·

118 2744 222 2823 stitio,
256 2764 319 2825 qua
347 2742 402 2825 qui
434 2744 485 2805 est
510 2741 667 2824 imbutus,
695 2742 822 2826 quietus
851 2764 919 2806 esse
951 2765 1126 2829 numquam

116 2834 232 2914 potest.
282 2830 455 2895 Praeterea
483 2828 568 2894 bona
597 2831 774 2913 praeterita
805 2851 872 2894 non
902 2832 1160 2912 meminerunta

116 2918 343 3002 praesentibus
369 2939 436 2982 non
461 2916 630 3001 fruuntur,
661 2918 772 2983 futura
803 2917 898 2982 modo
931 2924 1128 3004 exspectant,

117 3028 198 3090 quae
236 3006 310 3090 quia
346 3009 434 3070 certa
465 3027 535 3070 esse
565 3027 632 3070 non
664 3010 831 3091 possunt,
849 3008 1067 3073 conficiuntur
1097 3011 1129 3072 et

118 3115 237 3179 angore
276 3096 309 3158 et
344 3096 433 3157 metu
469 3095 669 3178 maximeque
707 3094 904 3179 cruciantur,
944 3116 1018 3160 cum
1056 3118 1128 3162 sero

117 3184 264 3248 sentiunt
281 3182 403 3246 frustra
421 3202 456 3245 se
475 3183 532 3245 aut
550 3182 704 3264 pecuniae
723 3183 885 3248 studuisse
907 3187 964 3249 aut
981 3185 1128 3269 imperiis

116 3275 173 3336 aut
206 3270 321 3354 opibus
353 3272 411 3333 aut
437 3268 568 3353 gloriae.
623 3269 740 3335 Nullas
769 3272 861 3336 enirn·
888 3277 1129 3357 consequuntur
1142 3295 1165 3338 aa

116 3360 315 3442 voluptates,
346 3377 482 3440 quarum
513 3357 659 3441 potiendi
691 3380 747 3442 spe
782 3360 975 3425 inflammati
1007 3362 1129 3426 multos

48 3469 83 3512 er
102 3447 241 3510 labores
275 3464 481 3533 magnosque
517 3451 731 3532 susceperant.
793 3447 877 3513 Ecce
920 3451 1030 3514 antem
1072 3449 1129 3516 alii
