2346 3876
238 162 307 216 HR.
322 162 360 217 11.
387 161 465 216 CAP.
485 168 607 219 19—21.
633 169 649 229 5
667 169 790 219 to-uo.
953 162 1017 228 347

20 326 159 389 totroeut
188 323 415 388 temeritatem.
467 322 530 388 Est
559 325 596 388 in
627 324 744 389 animis
778 324 921 391 omnium
952 323 1019 391 fere

20 415 129 476 lature
152 410 249 474 molle
272 409 438 495 quiddam,
461 411 649 493 demissum,
671 410 808 495 humile,
831 415 1018 476 enervatum

20 498 153 582 quodam
180 496 276 563 modo
311 500 344 563 et
375 498 571 583 languidum.
626 497 660 563 si
691 498 775 563 nihil
808 502 892 562 esset
924 498 1019 581 aliud,

20 585 93 650 nihil
116 588 202 649 esset
223 584 353 651 homine
376 585 565 668 deformium
587 585 645 650 sod
667 589 796 670 praesto
815 589 865 650 est
887 585 1018 649 domina

20 673 156 738 »mnium
185 675 218 737 et
243 673 355 758 regina
382 674 480 756 ratio,
507 695 588 758 quae
612 674 727 738 conixa
752 695 811 756 per
833 695 867 737 se
891 676 924 736 ot
944 694 1017 755 pro·

20 781 123 845 gressa
148 760 279 844 longius
305 761 344 824 fit
372 760 514 844 perfecta
541 762 652 826 virtus.
701 761 792 826 Haeo
817 765 854 824 ut
882 761 1019 843 imperet

20 848 58 913 lli
80 848 170 932 parti
189 847 304 930 animi,
326 869 407 932 quae
426 849 577 914 oboedire
595 848 704 927 debet,
726 848 761 914 id
778 847 950 914 videndum
967 851 1018 913 est

20 937 88 1002 riro.
145 935 310 1012 ‘Quonam
340 935 475 1002 modol'
506 936 641 1020 inquies.
696 935 760 1001 Vel
796 939 832 1000 ut
866 935 1016 1000 domiuus
1035 945 1069 993 48

20 1045 103 1089 terro
127 1023 178 1088 vel
201 1026 238 1088 ut
260 1023 436 1106 imperator
464 1024 564 1088 militi
586 1024 638 1088 vel
660 1027 698 1088 ut
723 1044 838 1108 parens
861 1022 938 1088 filio.
984 1020 1018 1086 si

20 1110 197 1196 mpissime
223 1131 257 1174 se
285 1109 345 1175 illa
369 1132 446 1193 pars
473 1111 575 1176 animi
603 1115 706 1195 geret,
733 1133 829 1194 quum
855 1110 921 1175 dixi
948 1131 1017 1175 osse

20 1199 156 1280 nollem,
179 1198 208 1263 si
230 1218 264 1261 se
287 1198 438 1264 lamentis
460 1197 661 1262 muliebriter
688 1199 893 1282 lacrimisque
915 1197 1018 1279 dedet,

20 1287 172 1352 rinoiatur
195 1288 228 1348 et
241 1286 486 1370 ⁴constringatur
505 1286 681 1351 amicorum
701 1287 1017 1370 propinquorumque

20 1372 178 1456 eustodiis3
211 1394 305 1456 saepe
342 1373 427 1438 enim
462 1369 606 1437 videmus
637 1373 757 1438 fructos
792 1374 927 1456 pudore,
963 1374 1018 1457 qui

20 1462 138 1526 utiuno
165 1460 255 1527 nullu
281 1460 492 1526 uinoerentur.
541 1460 631 1545 Ergo
662 1460 724 1526 hoo
750 1460 878 1544 quidem
905 1465 942 1526 ut
969 1461 1018 1525 fe·

20 1549 116 1614 nulos
140 1548 255 1612 vinolio
278 1570 379 1631 prope
403 1551 499 1632 utque
522 1547 681 1630 custodia,
708 1548 764 1631 qui
791 1551 899 1612 autem
924 1553 1018 1615 erunt

20 1637 170 1707 irmioroe
191 1656 251 1699 neo
271 1639 382 1700 tumen
402 1634 717 1720 robustissimum
736 1634 903 1701 admonitu
924 1656 1016 1718 opor·

20 1725 92 1790 ubit
122 1725 162 1788 ut
199 1723 302 1788 bonos
336 1723 458 1789 milites
490 1727 657 1790 revocatos
697 1722 890 1807 dignitatem
926 1723 1017 1787 tueri.

20 1810 85 1877 lon
115 1810 213 1876 nimis
244 1811 280 1874 in
314 1809 441 1894 Niptris
477 1811 534 1875 ille
572 1811 830 1894 sapientissimus
861 1807 1018 1875 Groeoioe

20 1899 139 1965 uuoius
160 1899 358 1962 lamentetur
379 1899 432 1963 vol
452 1898 578 1964 modioe
600 1897 722 1982 potius:

32 2009 37 2017 ’
73 2018 376 2104 Pedetdmptim,
396 2021 516 2104 inquit,
539 2023 575 2084 et
597 2020 730 2085 sedato
751 2020 852 2102 uisu,

73 2107 131 2174 Ne
155 2113 338 2174 sueoussu
362 2105 527 2191 arripiet
550 2109 672 2173 maior

73 2195 204 2261 Dolor.

20 2319 169 2386 ‚³aouviuo
207 2318 270 2383 hoo
305 2277 420 2420 melius
453 2341 550 2419 quum
579 2317 758 2403 Sophocles
789 2317 890 2419 (epod
924 2318 1017 2385 illum
1037 2335 1070 2382 49

20 2408 97 2526 Μ
115 2404 569 2562 rgpffipvggpfflggefflqp
586 2404 1018 2559 ltetlttttttl

20 2516 167 2665 qaeiisiiime
188 2515 385 2666 grauitatengr
407 2581 569 2646 intuentes
583 2516 657 2645 liiori
674 2515 834 2645 ilubitant
856 2578 973 2645 dicere:
1010 2543 1018 2575 7

73 2705 129 2769 Tu
151 2706 314 2788 quoque,
337 2703 489 2787 Ulixes,
507 2704 736 2786 quumquim
760 2702 934 2786 graviter

74 2788 275 2858 Cernimus
299 2792 429 2874 ictum,
450 2792 565 2855 nimis
586 2792 705 2874 poene
729 2789 854 2854 unimo
878 2810 916 2853 es

73 2878 200 2961 Molli,
222 2879 287 2962 qui
310 2882 514 2943 consuetus
537 2879 576 2942 in
599 2877 715 2942 armis

74 2967 219 3032 Aevom
241 2968 357 3049 uigere
373 3014 511 3031 .......

20 3089 176 3175 ulellegit
190 3091 287 3172 po‘e'tu
304 3088 443 3172 prudeus
461 3086 586 3152 ferendi
611 3087 732 3153 doloris
748 3088 1016 3153 eonsuetudiuem

20 3199 78 3244 tuoe
100 3197 169 3242 nou
196 3176 462 3243 contemnendam
490 3176 688 3265 magistram.
734 3175 842 3260 Atque
872 3175 928 3239 illo
950 3197 1016 3240 non
1034 3194 1068 3243 50

20 3264 208 3332 nmoderate
231 3284 348 3348 magno
371 3264 406 3328 in
428 3264 550 3329 dolore:

20 3444 24 3449 .
71 3387 267 3467 Retino‘te,
289 3387 432 3450 tenete!
458 3384 644 3470 opprimit
665 3386 786 3468 uleus,

71 3473 239 3540 Nudite!
262 3473 333 3538 heu
355 3474 536 3538 miserum
559 3475 628 3538 mel
653 3473 863 3538 excrucior.
