2346 3876
103 166 169 232 334
299 162 597 220 TUSCULANARUM
614 162 920 219 DISPUTATIONUH

103 328 265 411 odiosum,
293 331 406 391 contra
431 330 582 391 naturam
595 325 736 409 'dicunt,
764 347 825 391 nec
846 330 958 392 tamen
984 327 1094 390 malum.

102 415 179 498 Hic,
202 415 257 499 qui
281 415 387 480 solum
409 414 472 480 hoc
494 415 614 478 malum
637 414 716 478 dicit
738 415 953 479 etmalorum
968 414 1094 479 omnium

51 518 84 566 18
104 506 297 586 extremum,
320 503 500 584 sapientem
523 505 633 566 censet
652 501 689 566 id
712 523 811 566 suave
833 502 1001 568 dicturum
1036 501 1094 584 ligo

104 616 124 657 a
146 598 179 656 te
201 614 267 656 non
289 591 433 674 postulo,
459 593 497 654 ut
524 589 669 654 dolorem
693 590 815 654 eisdem
836 591 950 654 uerbis
973 590 1095 670 adficias,

104 680 221 764 quibus
249 677 409 762 Epicurus
438 679 681 760 [voluptatem]‚
703 677 816 760 homo,
837 681 878 742 ut
899 680 975 761 scis,
1002 677 1112 759 volupe

103 768 215 832 tarius.
265 765 326 830 Ille
355 766 473 831 dixerit
504 787 581 830 sane
613 765 697 829 idem
728 766 764 830 in
794 765 980 831 Phalaridis
1011 770 1095 841 tauro

104 855 204 939 quod,
227 856 255 920 si
278 858 363 918 esset
384 855 419 918 in
440 853 574 936 lectulo;
598 875 615 918 e
640 875 659 917 o
680 857 808 918 tantam
827 853 894 918 vim
914 876 984 920 ‚non
1004 853 1095 917 tribuo

105 943 283 1026 sapientiae
302 946 414 1007 contra
433 942 585 1007 dolorem.
617 873 657 1005 hi
674 941 771 1006 fortis
790 942 894 1006 estin
916 940 1095 1026 perferendo,

104 1030 212 1096 officio
227 1031 307 1096 satis
322 1034 385 1114 est3
402 1035 440 1094 ut
457 1030 598 1094 laetetur
616 1029 724 1112 etiam,
741 1051 809 1114 non
822 1031 964 1113 postulo.
995 1027 1096 1094 Tristis

105 1119 190 1183 enim
218 1140 269 1182 res
293 1119 434 1183 estsine
457 1117 571 1200 dubio,
598 1139 726 1200 aspera,
755 1139 881 1201 amara,
904 1118 1121 1183 inimicarer

52 1221 85 1269 19
104 1210 210 1289 turae,
234 1205 274 1269 ad
296 1206 484 1288 patiendum
506 1204 775 1289 tolerandumque
797 1205 952 1272 difficilis.
994 1205 1096 1289 Aspice

103 1293 332 1375 Philoctetam,
369 1294 420 1357 cui
457 1292 695 1358 concedendum
729 1297 780 1358 cst
815 1295 973 1378 gementi;
1007 1294 1097 1377 ipsum

104 1381 190 1446 enim
211 1380 385 1446 Herculem
407 1382 533 1446 viderat
555 1382 590 1446 in
613 1380 695 1446 Oeta
718 1382 944 1466 magnitudine
968 1382 1097 1447 dolorum
1138 1386 1141 1420 ¹

104 1469 286 1535 eiulantem.
322 1469 415 1535 Nihil
438 1470 540 1553 igitur
561 1469 647 1534 hunc
664 1470 771 1535 virum
789 1470 946 1555 sagittae,
969 1491 1045 1554 quas
1065 1468 1096 1531 ab

103 1557 241 1623 Hercule
265 1561 445 1642 acceperat,
467 1561 537 1622 tum
561 1558 781 1641 consolantur,
805 1579 878 1622 cum
1004 1587 1006 1590 ⁴
1107 1575 1124 1615 1⁵

146 1681 175 1746 E
199 1679 374 1765 viperino
398 1683 524 1745 mdrsu
548 1702 665 1746 venae
688 1677 879 1746 viscerum

147 1769 305 1834 Veneno
330 1769 490 1833 inbutae
512 1770 662 1834 taetros
686 1770 881 1834 cruciatus
906 1771 1016 1855 cient.

102 1892 216 1976 Itaque
239 1893 399 1957 exclamat
423 1892 577 1956 auxilium
599 1896 764 1976 expetens,
787 1894 871 1958 mori
895 1895 1038 1978 cupiens:

146 2014 240 2079 Heul
263 2013 329 2098 qur'
349 2015 466 2079 salsis
489 2009 680 2080 fluctibus
704 2015 857 2080 mandet

146 2101 204 2166 Me
227 2124 270 2166 ex
294 2103 462 2167 sublimo
487 2103 633 2168 vertice
656 2103 762 2168 saxi?
1110 2121 1128 2161 2⁰

147 2190 227 2253 Iam
249 2190 325 2254 iam
349 2190 542 2274 absumor,
565 2190 727 2256 conficit
745 2192 909 2257 animam

189 2278 259 2342 Vis
283 2277 468 2362 vdlneris,
491 2280 633 2343 ulceris
657 2281 797 2343 aestus.

102 2399 242 2466 Difficile
262 2401 349 2466 dictu
367 2401 494 2467 videtur
513 2425 585 2467 eum
603 2425 669 2468 non
687 2404 721 2466 in
737 2403 824 2468 malo
844 2425 924 2488 esse,
942 2410 977 2470 et
994 2425 1100 2490 magno

103 2489 245 2573 quidem,
268 2491 323 2574 qui
346 2490 393 2554 ita
416 2491 555 2555 clamare
579 2494 722 2575 cogatur.

50 2550 83 2676 280
169 2577 232 2644 Sed
259 2579 423 2644 videamus
455 2578 628 2644 Herculem
660 2579 781 2662 ipsum,
812 2580 868 2662 qui
900 2584 973 2647 tum
1005 2583 1128 2648 dolona

101 2665 322 2752 frangebatur,
341 2688 413 2731 cum
432 2666 700 2731 inmortalitatem
718 2667 791 2749 ipsa
804 2671 908 2732 morte
928 2671 1102 2754 quaerebat

103 2753 188 2830 Quas
216 2755 269 2820 hic
297 2776 390 2819 voces
417 2753 502 2838 apud
530 2752 724 2838 Sophoclem
751 2755 786 2819 in
815 2754 1002 2823 Trachiniis
1034 2756 1101 2822 edit!

103 2844 153 2906 cui
177 2864 248 2907 cum
271 2843 425 2907 Deianira
448 2843 606 2926 sanguine
630 2839 784 2907 Centauri
807 2843 946 2909 tinctam
966 2847 1101 2912 tunicam

102 2929 260 2994 induisset
283 2929 539 3014 inhaesissetque
563 2953 600 2996 ca
624 2931 813 3009 visceribus,
839 2932 887 2996 ait
909 2933 980 2997 ille:

146 3051 316 3117 Omulta
340 3052 444 3117 dictu
468 3055 615 3137 gravia,
632 3075 822 3137 perpessu
846 3057 999 3140 aspera,
1109 3065 1126 3104 ³⁰

146 3139 248 3216 Quae
266 3142 425 3222 cdrporc
443 3142 649 3207 exanclata
668 3147 785 3226 atque
803 3144 931 3209 animo
950 3141 1098 3227 pertuli!

144 3227 177 3294 N
183 3248 223 3292 ec
246 3225 338 3292 mihi
361 3227 519 3293 Iunonis
541 3232 669 3295 terror
691 3231 946 3314 inplacabilis

144 3315 224 3380 Nec
245 3318 394 3381 tantum
418 3316 568 3381 invexit
589 3316 719 3382 tristis
737 3317 982 3403 Eurystheus
1005 3316 1098 3396 mali,

146 3403 337 3480 Quantum
359 3409 434 3468 rina
456 3425 616 3470 vaecors
639 3405 756 3471 Oe‘nei
778 3410 892 3490 partu
916 3407 1033 3472 edita.-

139 3492 245 3560 Haec
268 3514 325 3560 me
347 3492 531 3560 inretirit
552 3495 658 3559 ve‘ste
680 3494 817 3558 furiali
839 3492 1015 3580 inscium,
1104 3497 1122 3538 ³⁵
