2346 3876
119 167 160 230 18
336 163 626 221 AOADEMICORUM
643 162 902 220 POSTERIORUM

58 299 108 412 ,12
190 327 279 404 Quae
321 348 393 392 cum
435 325 585 408 dixisset,
625 324 773 390 Breviter
814 347 889 390 sane
929 326 1127 412 minimeque

62 376 98 425 43
118 417 253 482 obscure
276 414 423 498 exposita
445 417 509 497 est,
531 413 677 496 inquam,
701 417 788 496 ate,
810 412 929 498 Varro,
953 418 987 478 et
1009 417 1126 480 veteris

117 503 311 569 Academiae
343 502 426 566 ratio
459 504 493 565 et
520 499 709 566 Stoicorum.
761 499 886 566 Horum
915 522 986 565 esse
1020 506 1128 567 autem

118 591 271 673 arbitror,
288 593 326 654 ut
347 589 524 667 Antiocho,
547 592 659 652 nostro
681 588 849 666 familiari,
871 589 1037 674 placebat,
1061 612 1127 656 cor·

118 680 292 744 rectionem
314 677 432 741 veteris
455 676 647 740 Academiae
669 675 778 759 potius
805 697 901 759 quam
923 699 1044 742 novam
1068 679 1125 743 ali·
1148 704 1160 744 a

119 789 216 851 quam
240 765 441 848 disciplinam
464 763 650 848 putandam.
692 763 775 827 Tum
796 763 915 828 Varro:
940 764 1030 830 Tuae
1054 771 1128 831 sunt

117 875 202 920 nunc
219 856 339 939 partes,
352 852 468 935 inquit,
487 851 543 935 qui
557 851 598 915 ab
617 851 821 934 antiquorum
835 851 960 917 ratione
975 854 1127 919 desciscis

119 947 153 1008 et
175 963 226 1025 ea,
255 961 336 1024 quae
360 940 400 1004 ab
428 939 575 1004 Arcesila
596 943 717 1003 novata
740 941 826 1022 sunt,
849 940 982 1025 probas,
1005 941 1128 1024 dooere,

119 1029 204 1113 quod
240 1032 274 1092 et
310 1049 373 1111 qua
409 1027 448 1091 de
485 1047 583 1091 causa
618 1026 787 1090 discidium
829 1026 951 1092 factum
992 1029 1050 1113 sit,
1093 1035 1128 1094 ut

64 1130 100 1178 44
119 1117 298 1199 videamus,
326 1114 446 1179 satisne
474 1113 538 1178 ista
564 1113 609 1178 sit
638 1114 725 1178 iusta
748 1113 892 1180 defectio.
945 1114 1031 1180 Tum
1054 1137 1128 1202 ego:
1141 1143 1164 1182 rc

120 1202 202 1268 (lum
235 1202 376 1286 Zenone,
407 1203 552 1285 inquam,
583 1204 621 1265 ut
647 1202 840 1287 accepimus,
871 1201 1046 1268 Arcesilas
1067 1205 1128 1270 sibi

120 1313 213 1357 omne
245 1293 408 1356 certamen
438 1289 595 1372 instituit,
625 1311 692 1354 non
722 1290 899 1372 pertinacia
931 1295 988 1356 aut
1020 1293 1128 1358 studio

119 1378 279 1461 vincendi,
308 1380 345 1441 ut
376 1376 456 1441 mihi
483 1377 611 1460 quidem
633 1377 774 1455 videtur,
801 1378 857 1442 sed
884 1400 993 1442 earum
1022 1402 1129 1445 rerum

120 1466 329 1545 obscuritate,
367 1486 448 1548 quae
485 1464 526 1528 ad
558 1463 794 1530 confessionem
824 1467 1039 1549 ignorationis
1076 1469 1129 1533 ad·

121 1556 278 1620 duxerant
296 1552 463 1619 Socratem
482 1556 515 1616 et
532 1552 599 1617 iam
618 1556 693 1618 ante
713 1551 878 1617 Socratem
896 1553 1128 1639 Democritum,
1142 1580 1166 1621 15

119 1643 361 1728 Anaxagoram,
384 1641 627 1724 Empedoclem,
652 1662 763 1705 omnes
787 1662 888 1724 paene
911 1645 1050 1728 veteres,
1075 1646 1130 1728 qui

119 1732 202 1796 nihil
225 1729 389 1815 cognosci,
406 1728 490 1792 nihil
508 1729 643 1813 percipi,
660 1728 743 1792 nihil
762 1729 837 1793 sciri
855 1750 951 1813 posse
969 1730 1129 1816 dixerunt,

120 1821 276 1903 angustos
305 1837 431 1899 sensus,
459 1815 639 1880 imbecillos
662 1816 804 1901 animos,
830 1817 943 1881 brevia
970 1819 1130 1884 curricula

119 1907 220 1985 vitae,
250 1908 296 1987 et,
317 1907 356 1969 ut
377 1901 595 1986 Democritus,
621 1903 656 1968 in
682 1903 841 1987 profundo
864 1905 1035 1970 veritatem
1058 1928 1129 1972 esse

121 1994 313 2074 demersam,
331 1990 537 2074 opinionibus
557 1994 589 2055 et
605 1991 765 2056 institutis
784 1992 893 2056 omnia
910 1994 1023 2077 teneri,
1044 1995 1128 2059 nihil
1142 2021 1167 2060 ao

119 2081 249 2146 veritati
278 2078 431 2163 relinqui,
460 2078 596 2162 denique
626 2079 735 2144 omnia
763 2080 906 2145 tenebris
934 2080 1129 2147 circumfusa

65 2191 101 2241 45
122 2190 190 2233 esse
215 2167 400 2249 [dixerunt].
444 2165 557 2250 Itaque
579 2165 744 2232 Arcesilas
770 2169 913 2252 negabat
939 2190 1009 2233 esse
1038 2171 1129 2254 quid·

121 2278 230 2340 quam,
262 2255 348 2339 quod
385 2253 459 2319 sciri
494 2256 620 2338 posset,
655 2276 696 2318 ne
731 2254 811 2319 illud
847 2255 975 2339 quidem
1011 2258 1129 2342 ipsum,

120 2344 205 2428 quod
227 2341 375 2408 Socrates
399 2342 462 2406 sibi
484 2341 683 2425 reliquisset3
706 2343 753 2407 sic
771 2343 879 2408 omnia
900 2345 1000 2409 latere
1019 2367 1126 2411 cense-

118 2432 177 2496 bat
199 2433 233 2494 in
256 2431 396 2514 occult03
419 2451 522 2513 neque
541 2450 611 2494 esse
635 2430 823 2514 quidquam,
849 2433 933 2515 quod
956 2434 1044 2498 cerni
1072 2437 1128 2498 aut
1141 2444 1166 2500 et

119 2520 267 2604 intellegi
284 2521 408 2602 posset3
432 2517 548 2600 quibus
571 2517 732 2583 decausis
751 2518 835 2582 nihil
853 2524 1002 2602 oportere
1024 2542 1127 2607 neque

118 2608 264 2691 profiteri
282 2627 385 2690 neque
404 2605 574 2670 adfirmare
597 2626 789 2689 quemquam
810 2627 912 2690 neque
935 2608 1127 2674 adsensione

120 2696 299 2779 approbare
323 2692 535 2776 cohibereque
559 2714 684 2776 semper
707 2697 740 2757 et
763 2695 804 2758 ab
827 2695 917 2759 omni
938 2695 1034 2779 lapsu
1053 2694 1126 2762 een·

118 2784 222 2847 tinere
244 2781 474 2863 temeritatem,
498 2800 578 2862 quae
601 2784 672 2844 tum
695 2783 779 2845 esset
800 2782 951 2867 insignis,
975 2804 1048 2848 cum
1070 2787 1127 2849 aut

119 2870 203 2934 falsa
226 2873 283 2933 aut
304 2867 473 2950 incognita
490 2888 541 2930 res
561 2869 806 2953 approbaretur,
828 2890 930 2952 neque
951 2869 1013 2934 hoo
1036 2872 1125 2955 quid·
1139 2895 1165 2936 ee

121 2979 216 3041 quam
239 2977 309 3020 esse
331 2955 458 3039 turpius
481 2976 577 3038 quam
597 2956 776 3040 cognitioni
795 2960 827 3021 et
848 2958 1048 3042 perceptioni
1072 2959 1127 3024 ad-

121 3045 303 3109 sensionem
318 3042 646 3128 approbationemque
661 3065 875 3127 praecurrere.
907 3044 993 3110 Huic
1006 3047 1127 3113 rationi

121 3132 206 3216 quod
229 3135 299 3196 erat
320 3133 584 3216 consentaneum,
606 3131 759 3216 faciebat,
784 3135 958 3197 utcontra
981 3135 1128 3199 omnium

121 3219 299 3285 sententias
327 3218 487 3282 disserens
515 3219 553 3283 de
581 3241 640 3283 sue
670 3219 841 3304 plerosque
871 3220 1053 3308 deduceret,
1081 3225 1127 3305 ut,

120 3330 191 3374 cum
210 3308 246 3371 in
264 3307 375 3371 eadem
393 3327 427 3370 re
445 3306 538 3389 paria
556 3306 726 3372 contrariis
745 3307 942 3391 inpartibus
961 3314 1128 3375 momenta
1141 3333 1167 3376 ee

119 3397 282 3461 rationum
308 3393 541 3474 invenirentur,
567 3393 694 3459 facilius
722 3395 763 3459 ab
790 3399 927 3480 utraque
956 3400 1048 3480 parte
1072 3398 1127 3463 ad-

62 3505 101 3554 re
118 3484 230 3549 sensio
251 3482 471 3548 sustineretur.
520 3479 613 3546 Hanc
639 3481 992 3551 Academiamnovam
1019 3487 1127 3571 appel·
