2346 3876
98 147 166 211 462
294 143 592 200 rossemanum
608 142 918 201 DISPUTATIONUM

99 305 155 389 qui
173 305 215 370 ad
232 306 434 390 voluptatem
451 327 491 371 ea
507 304 663 384 referunt,
682 325 767 389 quae
786 308 967 389 sequuntur
982 305 1016 370 in
1031 304 1094 387 vita,

99 400 146 477 ut,
168 414 368 477 quocumque
384 393 465 459 haec
484 394 557 458 loco
569 392 801 476 suppeditetur,
818 394 869 458 ibi
882 393 979 458 beate
991 396 1094 478 queant

99 481 217 546 vivere.
251 480 367 564 Itaque
384 481 426 545 ad
444 502 571 546 omnem
588 481 749 546 rationem
767 479 887 547 Teucri
907 503 972 546 vox
989 501 1094 547 accom-

100 569 227 635 modari
248 573 370 652 potest:

167 691 302 755 Patria
324 695 396 775 est,
418 691 646 775 ubicumque
668 691 728 755 e'st
748 690 855 756 bene.
1099 712 1110 754 5

102 830 251 897 Socrates
278 831 408 914 quidem
434 853 506 895 cum
532 833 716 914 rogaretur,
743 831 884 897 cuiatem
914 853 950 898 sc
973 854 1040 898 esse
1058 829 1095 896 di·

102 922 201 1001 ceret,
223 917 485 983 ‘Aluudanum'
503 918 623 1002 inquit;
645 919 747 984 totius
765 919 855 983 enim
873 922 988 985 mundi
1008 943 1039 985 sc
1058 919 1095 983 in·

101 1007 206 1072 colam
244 1009 278 1071 et
308 1007 412 1070 civem
443 1006 671 1071 arbitrabatur.
724 1005 830 1082 Quid?
886 1007 924 1072 Τ.
955 1006 1095 1072 Albucius

100 1115 209 1159 nonne
236 1093 346 1159 animo
376 1094 570 1176 aequissimo
591 1094 731 1159 Athenis
759 1094 833 1158 exul
857 1094 1096 1180 philosophaba-

101 1182 176 1246 tur?
204 1182 256 1246 cui
283 1185 393 1246 tamen
419 1181 501 1246 illud
527 1182 635 1265 ipsum
660 1203 728 1247 uon
749 1181 937 1267 accidisset,
964 1185 993 1248 si
1018 1184 1051 1247 in
1067 1201 1121 1245 reo

50 1283 100 1333 109
122 1267 254 1352 publiea
266 1268 433 1352 quiescens
446 1267 581 1352 Epicuri
598 1269 726 1352 legibus
743 1269 917 1352 paruisset.
950 1269 1097 1346 Quicum

101 1357 227 1422 beatior
243 1355 417 1439 Epicurus,
439 1356 524 1439 quod
546 1357 582 1421 in
602 1357 710 1439 patria
727 1357 873 1441 vivebat,
895 1380 1003 1443 quam,
1025 1355 1096 1442 quod

102 1444 254 1527 Athenis,
275 1443 502 1509 Metrodorus?
524 1449 581 1509 aut
602 1443 698 1510 Plato
720 1443 939 1511 Xenocratem
961 1446 1097 1512 vincebat

102 1538 158 1598 aut
187 1531 321 1597 Polemo
351 1530 546 1614 Arcesilam,
575 1553 639 1615 quo
666 1537 753 1597 esset
783 1533 936 1598 heatior?
991 1531 1098 1610 Quanti

101 1642 177 1686 vero
195 1620 259 1686 ista
280 1618 396 1684 civitas
419 1619 619 1683 aestimanda
641 1623 705 1702 est,
732 1641 771 1685 ex
796 1642 862 1703 qua
883 1621 965 1686 boni
988 1621 1125 1705 sapien-a

100 1713 214 1792 tcsqne
231 1706 418 1792 pelluntur?
449 1705 646 1772 Damaratus
663 1707 801 1791 quidem,
818 1707 992 1792 Tarquinii
1008 1707 1100 1774 nostri
1134 1712 1137 1777 ἴ

101 1798 189 1880 regia
210 1799 316 1879 pater,
342 1799 518 1878 tyrannum
540 1791 717 1878 Cypselum
744 1795 830 1879 quod
856 1795 944 1861 ferre
966 1819 1031 1862 non
1052 1817 1100 1880 pc
1135 1822 1137 1841 ¹

101 1886 200 1960 terat,
226 1883 313 1966 fugit
335 1881 527 1966 Tarquinios
551 1879 709 1948 Corintho
731 1886 765 1947 et
790 1882 838 1947 ibi
861 1906 939 1949 suas
963 1884 1100 1950 fortunas

101 1970 271 2036 constituit
288 1991 325 2034 ac
343 1970 463 2034 liberos
481 1972 671 2053 procrearit.
703 1968 791 2036 Num
810 1971 911 2035 stulte
928 1971 1102 2056 anteposuit

49 2029 101 2154 ᾗῇ)
124 2058 213 2122 exilii
248 2059 434 2122 libertatem
470 2058 661 2122 domesticae
697 2058 868 2123 servituti?
924 2057 998 2124 Iam
1033 2079 1129 2124 vnce

101 2149 209 2209 motus
232 2145 346 2227 animi,
376 2145 609 2210 sollicitudines
633 2146 916 2230 aegritudinesque
945 2148 1101 2213 oblivione

101 2232 266 2296 leniuntur
292 2232 448 2296 traductis
476 2233 593 2298 animis
623 2234 664 2299 ad
686 2234 897 2317 voluptatum.
940 2233 1019 2301 Non
1040 2235 1101 2300 siue

77 2396 81 2402 ¹
102 2341 199 2385 causa
221 2319 322 2403 igitur
339 2319 500 2404 Epicurus
518 2342 615 2386 ausus
637 2325 688 2387 est
709 2321 815 2386 dicere
837 2343 968 2406 semper
984 2323 1020 2387 in
1039 2323 1101 2406 plu·

100 2408 192 2473 ribus
214 2408 310 2473 bonis
328 2429 398 2472 esse
417 2409 609 2492 sapientem,
631 2410 707 2492 quia
728 2430 855 2492 semper
876 2411 922 2474 sit
944 2410 982 2474 in
1001 2411 1103 2493 volup

100 2496 233 2561 tatibus.
277 2494 328 2560 Ex
346 2516 409 2579 quo
431 2496 516 2560 effici
537 2500 633 2579 putat
653 2497 726 2580 ille,
748 2497 834 2580 quod
857 2498 1132 2580 quaerimusque

49 2606 99 2654 111
123 2584 251 2667 sapiens
289 2605 415 2668 semper
445 2585 560 2648 beatus
595 2585 648 2648 sit
702 2584 868 2666 Etiamne,
899 2585 929 2649 si
961 2585 1103 2650 sensibus

101 2671 224 2737 carebit
251 2672 430 2754 oculorum,
457 2671 485 2735 si
508 2670 657 2737 aurium?
702 2671 824 2754 Etiam3
852 2693 930 2736 nam
951 2673 1019 2738 ista
1039 2674 1104 2756 ipsa

101 2759 289 2824 contemnit.
324 2757 468 2823 Primum
491 2759 577 2823 enim
599 2758 768 2825 horribilis
790 2759 855 2824 ista
876 2761 1019 2826 caecitas
1040 2760 1104 2844 qui·

100 2846 161 2910 bus
193 2847 325 2910 tandem
356 2850 444 2910 caret
475 2845 721 2930 voluptatibus?
752 2868 826 2912 cum
851 2847 986 2930 quidam
1012 2849 1104 2912 etiam

101 2932 273 3016 disputent-
285 2936 407 2998 ectetas
425 2934 607 3016 voluptates
624 2935 659 2998 in
679 2934 761 3018 ipsis
777 2934 927 3000 hahitare
946 2936 1101 3018 sensibus,
1114 2953 1135 2995 s

101 3041 182 3104 quae
210 3023 318 3084 autom
347 3024 478 3102 aspectu
504 3022 737 3105 percipiantur,
766 3043 805 3088 ea
830 3044 898 3088 non
924 3024 1047 3089 versari
1073 3023 1105 3086 in

101 3107 266 3172 oculorum
284 3106 353 3170 ulla
370 3106 582 3188 iucunditate,
600 3111 638 3173 ut
655 3131 707 3193 ea,
729 3131 810 3193 quac
828 3115 1006 3194 gustemus,
1017 3109 1105 3176 olfa-

101 3195 236 3277 ciamus,
261 3196 452 3277 tractemus,
479 3196 659 3280 audiamus,
688 3198 725 3263 in
751 3219 790 3262 ea
814 3198 900 3281 ipsa,
926 3199 986 3263 ubi
1012 3197 1106 3264 senti·

101 3303 186 3364 mus,
212 3285 304 3365 parte
332 3286 507 3348 versentur.
556 3282 595 3348 In
618 3285 719 3351 oculis
746 3285 812 3349 talc
832 3285 880 3349 nil
901 3285 953 3368 fit,
982 3287 1104 3351 animus

102 3369 232 3452 accipit,
260 3391 341 3454 quae
367 3367 520 3434 uidemus.
568 3371 688 3437 Animo
720 3377 830 3437 autem
859 3373 973 3438 multis
1005 3372 1137 3438 modias

101 3457 262 3543 variisque
281 3457 431 3522 delectari
451 3455 542 3542 licet,
561 3459 774 3526 etiamsinon
791 3459 986 3526 adhibeatur
1001 3480 1106 3546 aspec-
