2346 3876
102 157 167 220 218
266 156 314 211 DE
333 155 478 210 FINIBUS
496 153 676 211 BONORUM
694 156 741 210 ET
760 153 947 210 MALORUM

101 319 259 403 quaedam
292 321 325 382 et
356 318 515 383 diviniora
546 316 717 401 vidissent,
754 320 867 382 sensus
904 317 1085 401 reliquerunt,

102 407 149 471 sie
170 407 240 490 isti,
271 428 343 471 curn
366 428 405 470 ex
429 405 627 489 appetitione
650 427 759 469 rerum
781 405 914 470 virtutis
936 404 1085 489 pulchritu-

102 495 210 559 dinem
224 495 435 578 aspexissent,
454 494 573 577 omnia,
590 515 672 577 quae
689 496 818 576 praeter
833 494 988 558 virtutem
1005 493 1086 576 ipsam

101 583 261 666 viderant,
289 583 475 647 abiecerunt
502 581 597 666 obliti
623 584 774 645 naturam
802 603 932 646 omnem
960 583 1086 665 appeten·

102 670 215 735 darum
246 691 354 735 rerum
381 671 429 734 ita
451 671 515 734 late
538 671 664 753 patere,
691 673 728 734 ut
751 691 770 733 a
793 669 963 752 principiis
985 688 1103 752 perna-⁵

99 763 194 823 naret
230 760 271 822 ad
302 759 395 842 fines,
426 780 529 842 neque
556 757 751 842 intellegunt
779 779 813 821 se
840 779 950 822 rerum
978 758 1087 820 illarum
1117 726 1135 843 ’l

101 848 310 930 pulchrarum
329 851 424 930 atque
440 846 680 910 admirabilium
698 845 910 909 fundamenta
926 845 1087 910 subducere.
1129 860 1135 925 ζ

168 935 281 1018 ltaque
308 934 389 998 mihi
417 934 566 998 videntur
593 953 705 1000 omnes
732 932 862 1017 quidem
895 933 946 997 illi
978 932 1087 1011 anasse,
1132 932 1135 939 '

102 1024 158 1107 qui
180 1025 275 1087 finem
298 1016 463 1087 bonoruni
480 1043 549 1086 esse
572 1021 722 1085 dixerunt
743 1021 880 1085 honeste
904 1021 1022 1104 vivere,
1047 1016 1088 1083 scd
1131 1074 1135 1083 .

102 1111 186 1175 alius
211 1111 276 1175 alio
300 1111 416 1193 magis,
440 1109 567 1194 Pyrrho
591 1110 715 1174 scilicet
735 1109 888 1192 maxime,
911 1110 969 1194 qui
989 1109 1111 1173 virtuter

102 1199 281 1263 constituta
302 1198 385 1261 nihil
408 1198 551 1281 omnine,
579 1198 664 1280 quod
687 1197 905 1281 appetendum
928 1197 984 1280 sit,
1012 1195 1088 1261 relin-

102 1289 193 1370 quat,
225 1285 339 1348 deinde
371 1284 497 1368 Aristo,
534 1286 591 1369 qui
625 1285 708 1349 nihil
744 1284 927 1368 relinquere
958 1307 1022 1350 non
1052 1285 1089 1346 est
1133 1300 1135 1305 ·

103 1394 212 1457 ausus,
243 1373 424 1439 introduxit
456 1378 578 1456 autem,
612 1374 729 1458 quibus
761 1377 943 1439 commotus
981 1371 1087 1456 sapiens

53 1459 56 1464 ’
102 1464 269 1545 appeteret
297 1461 433 1545 aliquid,
460 1462 681 1545 quodcumque
712 1462 746 1525 in
773 1465 916 1526 mentem
947 1461 1088 1538 incideret,

102 1552 135 1613 et
162 1551 382 1634 quodcumque
409 1552 576 1633 tamquam
604 1552 794 1614 occurreret.
844 1549 877 1613 Is
905 1550 968 1614 hoc
996 1547 1114 1614 meliora

102 1659 199 1720 quam
231 1638 373 1722 Pyrrho,
405 1639 491 1722 quod
524 1638 654 1721 aliquod
682 1659 782 1723 genus
813 1637 987 1721 appetendi
1014 1634 1090 1714 dedit,

101 1726 243 1790 deterior
279 1747 375 1809 quam
412 1726 526 1810 ceteri,
562 1725 653 1809 quod,
684 1726 813 1808 penitus
853 1748 872 1790 a
910 1729 1025 1790 natura
1054 1742 1090 1787 re·

103 1814 210 1878 cessit.
260 1812 363 1878 Stoici
395 1816 517 1896 autem,
546 1813 630 1898 quod
667 1814 763 1878 finem
796 1813 956 1878 bonorum
985 1815 1019 1878 in
1042 1829 1090 1874 una

102 1902 222 1966 virtute
257 1904 394 1985 ponunt,
431 1902 553 1966 similes
590 1904 666 1966 sunt
701 1902 845 1984 illorum,
883 1901 969 1985 quod
1004 1903 1091 1965 auten

101 1989 298 2072 principium
334 1989 433 2053 officii
470 1993 645 2074 quaerunt,
685 1990 801 2054 melius
838 2011 935 2073 quam
972 1986 1118 2074 Pyrrham

102 2076 187 2160 quod
211 2098 248 2140 ea.
269 2098 337 2140 non
360 2079 562 2142 occurrentia
585 2078 724 2162 fingunt,
752 2078 887 2143 vincunt
912 2079 1093 2153 Aristonem

102 2164 186 2247 quod
220 2167 328 2227 autem
360 2185 411 2247 ea,
443 2187 524 2248 quac
557 2166 598 2229 ad
628 2169 780 2230 naturam
810 2166 1048 2230 accommodata
1070 2164 1094 2225 ct

101 2273 159 2335 per
196 2273 230 2316 se
267 2252 460 2316 assumenda
497 2274 566 2317 esse
600 2253 723 2335 dicunt,
759 2275 825 2318 non
858 2254 1037 2338 adiungunt
1063 2246 1095 2315 ad

101 2340 199 2402 finem
222 2340 393 2421 bonorum,
416 2340 599 2405 desciscunt
622 2363 641 2405 a
662 2344 780 2405 natura
799 2344 832 2404 et
855 2342 994 2424 quodam
1016 2337 1095 2405 modo

102 2431 178 2491 sunt
200 2449 266 2494 non
294 2428 467 2492 dissimiles
490 2428 662 2493 Aristonis
714 2427 774 2492 Ille
803 2429 887 2493 enim
911 2425 1122 2495 occurrentiaa

101 2517 210 2581 nescio
240 2538 322 2600 quae
350 2516 668 2599 comminiscebatur3
696 2517 731 2580 hi
763 2520 871 2581 autem
902 2522 1029 2603 ponunt
1057 2511 1097 2578 illi

102 2605 231 2686 quidem
253 2606 359 2688 prima
380 2607 530 2688 naturae,
558 2605 614 2669 sed
637 2626 676 2668 ea
699 2606 873 2689 seiungunt
895 2627 916 2670 a
938 2606 1054 2671 finibus
1073 2602 1099 2666 ct

103 2713 229 2756 summa
251 2692 424 2777 bonorum3
448 2714 529 2775 quae
551 2714 624 2757 cum
646 2695 862 2776 praeponunt,
884 2697 923 2756 ut
942 2694 987 2758 sit
1005 2694 1099 2776 aliqua

101 2799 208 2843 rerum
237 2780 382 2863 selectio,
409 2783 561 2844 naturam
589 2781 737 2844 videntur
764 2781 867 2864 sequi;
901 2801 974 2845 cum
1005 2785 1099 2848 autem

101 2869 225 2948 negant
265 2890 303 2931 ea
339 2867 512 2951 quicquam
549 2867 590 2933 ad
628 2869 758 2932 beatam
798 2869 901 2933 vitam
942 2871 1131 2954 pertinere,³⁰

48 2975 84 3023 44
103 2975 215 3018 rursus
247 2957 397 3018 naturam
429 2956 622 3040 relinquunt.
676 2957 785 3040 Atque
822 2956 927 3020 adhuc
963 2979 1003 3023 ea
1037 2953 1103 3034 dixi,

102 3063 199 3106 eausa
218 3062 274 3105 cur
293 3041 414 3105 Zenoni
432 3064 497 3107 non
514 3044 643 3127 fuisset,
667 3067 764 3128 quam
783 3045 824 3109 ob
843 3066 912 3108 rem
933 3067 952 3108 a
971 3043 1102 3130 superio·

101 3151 173 3193 rum
206 3129 399 3195 auctoritate
432 3129 621 3214 discederet3
657 3154 744 3196 nuno
775 3132 899 3215 reliqua
935 3133 1102 3204 videamus,

100 3217 165 3281 nisi
192 3221 248 3282 aut
275 3216 316 3281 ad
343 3216 436 3301 hacc,
469 3215 550 3284 Cato
556 3270 565 3302 ,
592 3220 697 3284 dicere
729 3219 849 3304 aliquid
882 3220 932 3284 vis
965 3225 1023 3285 aut
1051 3234 1103 3284 nos

100 3305 167 3369 iam
205 3305 368 3390 longiores
403 3328 523 3371 sumus.
581 3307 743 3373 Neutrum
779 3329 868 3390 vero,
905 3308 1014 3392 inquit
1048 3306 1135 3372 illes

101 3390 188 3458 Nam
221 3396 254 3457 et
281 3416 300 3459 a
326 3397 359 3458 te
391 3394 501 3477 perfici
527 3395 627 3460 istam
654 3395 908 3480 disputationem
939 3398 1028 3481 volo,
1052 3410 1104 3459 nco

101 3483 158 3546 tna
179 3480 261 3546 mihi
286 3481 391 3547 oratio
414 3482 512 3568 longa
530 3482 631 3547 videri
649 3487 767 3566 potest.
803 3482 947 3568 Optime,
971 3485 1102 3569 inquam·

47 992 82 1040 43
