2346 3876
298 104 366 162 nin.
385 105 433 162 lv.
460 104 536 162 cae.
557 110 629 175 11.
658 111 813 171 cre-ao.
994 106 1059 171 209

83 267 371 352 animadvertensque
399 267 435 332 in
458 267 606 353 omnibus
629 269 739 351 rebus,
767 291 847 352 quas
871 272 981 354 ageret
1004 273 1060 333 aut

26 376 31 415 1
82 354 186 440 decret,
208 359 246 420 ut
263 378 304 420 ne
323 355 398 440 quid
418 355 459 420 ab
479 376 517 420 1ο
536 356 628 419 fieret
645 356 709 420 nisi
726 355 862 421 honeste
882 378 919 420 ec
937 357 1059 441 decore,

26 440 29 515 ζ
81 441 118 507 his
134 443 229 509 initiis
255 449 297 528 et,
323 446 361 508 ut
384 446 458 508 ante
481 442 561 522 dixi,
591 444 768 508 seminibus
793 466 811 507 a
834 448 951 508 natura
974 446 1058 510 datis

26 536 29 577 ²
80 533 282 616 temperantia,
300 531 472 616 modestia,
495 530 621 596 iustitia
639 537 671 596 et
691 533 797 597 omnis
815 532 969 597 honestas
989 555 1058 616 per-

26 614 32 723 'p
62 617 140 684 electe
160 620 309 686 absoluta
333 623 390 684 est.

26 748 31 789 Ξ
126 707 242 791 Habes,
269 708 414 794 inquam,
442 705 537 793 Cato,
564 707 703 773 formam
728 730 851 792 eorum,
880 707 918 772 de
942 708 1057 791 quibus
1079 688 1111 813 189

26 798 32 901 1
78 794 175 880 loquor,
191 796 468 881 philosophorum.
496 795 568 872 Qua
588 797 736 880 exposita
754 796 835 861 scire
854 796 957 880 cupio,
977 818 1057 880 quae

79 903 153 949 cansa
172 885 227 968 sit,
257 906 314 948 eur
335 881 421 949 Zeno
445 883 486 948 ab
509 884 571 948 hac
595 884 729 968 antiqua
752 885 983 950 constitutione
1006 884 1058 949 de-

79 971 195 1057 sciverit,
227 971 380 1057 quidnam
412 971 528 1036 horum
561 972 602 1036 ab
633 993 670 1037 eo
698 994 764 1037 non
796 973 841 1038 sit
871 973 1057 1057 probatum,

53 1058 177 1143 aquodne
204 1081 334 1126 omnem
360 1063 512 1125 naturam
540 1061 805 1126 conservatricem
830 1061 880 1125 sui
910 1061 1058 1137 dixerint,
1116 1064 1119 1072 '

80 1149 207 1232 nn'qnod
234 1170 329 1213 omne
358 1149 478 1213 animal
504 1148 612 1232 ipsum
635 1147 699 1212 sibi
722 1149 992 1231 commendatum,
1022 1151 1059 1213 ut

80 1255 103 1299 1
119 1237 235 1301 salvum
257 1237 292 1301 in
315 1259 373 1303 suo
396 1257 513 1321 genere
531 1236 755 1320 incolumeque
774 1238 882 1321 vellet,
907 1238 1058 1319 11111111,

80 1342 133 1387 erm
166 1324 310 1390 omnium
347 1325 465 1389 artium
501 1324 574 1389 finis
610 1324 638 1388 is
676 1328 773 1408 esset,
810 1348 905 1409 quem
940 1329 1059 1390 natura

80 1413 191 1479 maxime
215 1416 397 1499 quaereret,
418 1412 504 1477 idem
527 1412 628 1479 statui
656 1412 771 1477 debere
799 1413 837 1476 de
864 1413 965 1477 totius
989 1417 1058 1477 arte

33 1498 219 1585 ι11111111
245 1501 345 1586 quod,
373 1523 446 1565 cum
475 1521 514 1565 ex
542 1500 650 1566 animo
680 1505 902 1565 constaremus
930 1505 963 1565 et
992 1523 1058 1565 cor-

26 1602 33 1715 ,
79 1606 147 1673 pore,
172 1594 205 1655 et
226 1589 307 1654 haec
329 1589 402 1672 ipsa
424 1592 457 1652 et
480 1610 591 1652 eorum
613 1589 751 1652 virtutes
774 1610 833 1671 per
855 1609 889 1652 se
913 1609 984 1652 esse
1008 1610 1058 1652 su-

79 1678 199 1764 mendas3
222 1699 265 1742 an
283 1698 358 1742 1111
377 1676 542 1759 displicuit
561 1698 612 1754 ea,
635 1698 716 1760 quae
739 1677 864 1740 tribute
885 1679 936 1739 est
959 1676 1058 1739 animi

26 1720 36 1861 l
79 1762 224 1832 1111111111
252 1769 346 1830 tanta
374 1764 597 1848 praestantia?
627 1786 682 1848 an,
710 1785 791 1848 quae
819 1763 857 1827 de
880 1763 1059 1846 prudentia,

79 1847 106 1915 de
123 1855 298 1940 cognitione
320 1873 442 1936 rerum,
466 1853 505 1917 de
528 1852 752 1917 coniunctione
771 1851 898 1936 generis
916 1852 1058 1936 humani,

53 1956 196 2027 aquaeque
224 1943 265 2007 ab
296 1940 399 2005 isdem
427 1940 466 2005 de
498 1941 726 2023 temperantia,
753 1941 791 2004 de
821 1940 992 2023 modestia,
1020 1939 1058 2002 de

79 2031 274 2114 magnitudine
316 2029 433 2113 animi,
474 2029 513 2092 de
550 2028 638 2094 omni
678 2028 847 2093 honestate
888 2026 1058 2092 dicuntur?

77 2111 251 2183 delebuntur
284 2115 384 2182 Stoici
415 2117 498 2180 haec.
526 2115 636 2181 omnia
667 2117 755 2181 dicta
785 2138 854 2181 esse
886 2116 1058 2200 praeclare,

76 2221 155 2288 neque
180 2229 252 2271 eam
279 2227 409 2270 causam
437 2203 557 2268 Zenoni
590 2204 786 2269 desciscendi
817 2204 927 2269 fuisse.
980 2204 1114 2271 Alieno

78 2294 209 2372 quaedam
222 2294 340 2378 dicent,
356 2292 459 2370 credo,
478 2313 597 2376 magna
611 2293 818 2376 antiquorum
833 2313 903 2356 esse
917 2295 1058 2376 peccata,

52 2393 138 2459 equae
161 2384 215 2447 ille
242 2382 312 2447 1111
338 2379 555 2465 investigandi
581 2380 716 2463 cupidus
738 2380 827 2444 nullo
852 2380 947 2444 modo
975 2379 1059 2442 ferre

78 2471 202 2546 potuerit.
253 2469 337 2546 Quid
366 2469 451 2533 enim
478 2468 672 2552 perversius,
704 2468 780 2552 quid
811 2466 1058 2549 intolerabilius,

26 2578 29 2647 l
78 2555 134 2635 quid
151 2559 277 2623 stultius
296 2579 392 2641 quam
411 2557 530 2623 bonam
549 2556 775 2638 valetudinem,
796 2576 894 2638 quam
912 2553 1059 2618 dolorum

26 2650 28 2705 1
78 2645 195 2712 omnum
213 2647 422 2730 vacuitatem,
445 2666 542 2728 quam
559 2644 781 2729 integritatem
801 2643 965 2707 oculorum
987 2642 1059 2706 reli-

26 2796 28 2801 .
78 2746 250 2819 quorumque
282 2754 434 2798 sensuum
465 2753 586 2816 ponere
617 2733 651 2796 in
682 2732 775 2796 bonis
807 2731 929 2815 potius,
961 2752 1058 2814 quam

51 2813 196 2911 edicerent
221 2820 460 2888 nihilomnino
488 2820 573 2884 inter
597 2841 652 2884 eas
675 2840 726 2884 res
754 2819 856 2903 iisque
880 2819 1059 2885 contrarias
1122 2818 1126 2827 '

77 2907 230 2977 nteresse‘?
263 2931 302 2974 ea
333 2910 419 2973 enim
450 2908 572 2992 omnia,
608 2908 662 2992 qui
698 2906 749 2971 illi
785 2908 872 2973 bona
908 2907 1059 2990 dicerent,

75 3001 239 3082 praeposita
262 3019 346 3082 esse,
368 3018 434 3062 non
456 2996 557 3079 bona,
579 2995 720 3079 itemque
738 2995 807 3081 1111,
831 3018 912 3080 quae
935 2997 969 3060 in
992 3017 1059 3060 cor·

75 3095 133 3158 pore
158 3087 363 3169 excellerent,
392 3085 491 3149 stulte
519 3083 669 3168 antiquos
697 3083 814 3149 dixisse
841 3105 899 3167 per
927 3106 961 3149 11
990 3104 1058 3147 1111

75 3177 240 3259 metenda,
264 3173 420 3239 sumenda
442 3172 550 3256 potius
573 3194 670 3256 quam
694 3173 885 3257 expetenda,
912 3170 1059 3236 1111111-

48 3267 120 3335 1111
139 3263 225 3328 omni
247 3263 330 3346 vita,
352 3283 434 3346 quae
455 3261 491 3325 iu
512 3260 632 3325 virtute
655 3282 720 3324 una
743 3261 946 3341 consisteret,
969 3257 1060 3320 illam

73 3341 166 3436 Vitam,
195 3372 276 3449 quae
304 3350 403 3414 etiam
432 3347 545 3414 ceteris
572 3349 683 3430 rebus,
711 3369 792 3431 quae
819 3348 926 3411 essent
949 3365 1059 3408 secun-

74 3426 309 3522 damnaturum,
333 3437 519 3520 abundaret,
542 3437 646 3522 magis
666 3434 877 3517 expetendam
894 3453 961 3496 non
981 3453 1061 3512 esse,

111 3548 209 3594 11111,
227 3556 246 3592 1,
869 3540 908 3590 m
