2356 3870
79 143 148 204 204
246 141 296 195 DE
314 141 459 195 murts
475 140 656 196 floxort-rr
673 141 721 194 BT
739 139 924 196 monum

81 325 193 368 eorum
219 303 473 384 consolationes,
498 323 582 385 quae
604 301 857 383 cohortationes,
884 321 969 384 quae
992 301 1086 364 etiam

81 392 206 454 monita
233 395 267 453 et
293 389 429 453 consilia
458 390 582 472 scripta
607 389 649 451 ad
678 408 822 451 summos
853 387 955 452 viros!
1009 387 1086 452 Erat

82 479 168 542 enim
199 477 285 559 apud
316 499 386 557 eos,
416 481 455 540 ut
484 481 536 540 est
561 497 670 538 rerum
702 476 847 557 ipsarum
878 480 1013 559 natura,
1044 478 1083 538 sic

83 564 209 628 dicendi
230 565 418 628 exercitatio
439 563 568 646 duplex
615 561 717 644 Nam,
741 563 893 646 quicquid
917 564 1081 646 quaeritur,

82 652 116 715 id
138 652 238 716 habet
260 658 317 715 aut
338 651 467 733 generis
488 650 593 733 ipsius
615 651 684 713 sine
704 651 854 733 personis
874 651 1098 733 temporibus-5

83 760 145 823 que
177 744 236 803 ant
265 740 307 802 iis
338 738 499 802 adiunctis
531 738 613 802 facti
648 741 707 802 aut
740 738 820 801 iuris
856 741 915 801 aut
951 738 1077 802 nominis

83 828 346 891 controversiam
391 825 481 910 Rrgo
502 826 538 889 in
559 830 696 908 utroque
718 825 964 907 exercebantur,
990 845 1076 909 eaque

83 913 253 996 disciplina
279 914 387 977 effecit
412 917 541 977 tantam
574 912 706 976 illorum
736 916 874 995 utroque
908 913 944 976 in
974 932 1075 996 genere

47 1001 211 1064 'edicendi
238 1002 373 1083 copiam.
422 1000 542 1064 'l'otum
567 1020 671 1082 genus
698 999 761 1064 hoc
788 998 889 1082 Zeno,
916 1003 950 1064 et
971 999 1024 1083 qui
1043 999 1073 1062 ab

83 1111 122 1152 eo
144 1093 234 1169 sunt,
256 1094 402 1152 autnon
422 1092 598 1170 potuerunt
619 1089 700 1150 meri
720 1091 779 1152 aut
797 1087 982 1169 noluerunt,
1003 1089 1104 1152 certem

82 1175 291 1258 reliquerunt.
345 1173 547 1257 Quamquam
577 1175 709 1257 scripsit
749 1179 854 1238 artem
894 1174 1071 1240 rhetoricam

83 1261 270 1343 Cleanthes,
293 1259 491 1344 Chrysippus
513 1262 626 1339 etiam,
649 1262 707 1325 sed
729 1263 790 1343 sic,
812 1266 864 1344 ut,
887 1264 917 1326 si
940 1263 1009 1346 quis
1030 1261 1070 1325 ob·

83 1354 262 1413 mutescere
284 1351 497 1431 concupierit,
517 1349 602 1412 nihil
623 1350 712 1413 alind
729 1350 837 1432 legere
859 1349 984 1414 debeat
1025 1348 1071 1412 lta

83 1457 145 1520 qne
166 1436 271 1519 rides,
293 1457 357 1518 quo
379 1437 476 1500 modo
498 1436 681 1520 loquantur.
717 1435 812 1500 Nova
834 1439 935 1502 verba
956 1438 1070 1522 fingam,

82 1525 236 1588 deserunt
261 1524 391 1588 usitata
440 1523 487 1587 At
515 1527 637 1607 quanta
662 1526 835 1588 conantur!
862 1561 907 1570 -
936 1524 1070 1589 Mundum
1081 1538 1099 1580 1⁵

83 1612 169 1675 huno
191 1633 318 1676 omnem
341 1610 496 1693 oppidum
518 1633 589 1674 esse
608 1616 766 1676 nostrum.
790 1648 832 1657 -
855 1612 969 1696 Vides,
990 1631 1069 1696 quau·

83 1704 153 1762 tam
179 1720 247 1762 rem
275 1702 366 1781 agat,
392 1703 443 1778 ut,
470 1696 604 1762 Circeiis
631 1700 687 1783 qui
713 1699 852 1782 habitet,
876 1704 983 1765 totum
1004 1700 1070 1764 hunc

84 1786 239 1850 mundum
262 1807 356 1849 suum
373 1786 586 1868 municipium
603 1808 674 1850 esse
691 1787 865 1851 existimet
883 1824 928 1834 -
947 1784 1070 1852 Incendit

84 1874 185 1956 igitur
211 1895 282 1954 eos,
308 1873 365 1955 qui
391 1873 535 1937 audiunt
563 1909 606 1920 —
633 1873 740 1949 Quid?
767 1874 824 1938 ille
846 1874 1017 1940 incendat?
1035 1891 1070 1935 re

85 1961 230 2044 stinguet
247 1959 356 2042 citius,
378 1961 407 2023 si
424 1960 591 2025 ardentem
609 1962 779 2044 acceperit
814 1961 886 2026 Ista
907 1964 988 2046 ipsa,
1008 1975 1096 2045 quaer

84 2056 121 2111 tu
152 2047 305 2110 breviter:
337 2067 460 2131 regem,
490 2048 695 2131 dictatorem,
726 2048 860 2114 divitem
886 2051 992 2116 solum
1019 2064 1071 2112 esse

85 2134 276 2216 sapientem,
311 2156 332 2198 a
362 2138 395 2197 te
431 2135 561 2217 quidem
592 2141 669 2218 apte
700 2157 738 2201 ac
769 2138 922 2223 rotunde3
960 2139 1071 2222 quippo

84 2222 185 2284 hahes
203 2222 290 2283 enim
309 2243 328 2285 a
346 2221 545 2306 rhetoribus;
568 2223 700 2288 illorum
718 2245 795 2288 veru
813 2225 881 2289 ista
900 2226 974 2308 ipsa
996 2239 1072 2310 quau

86 2309 184 2372 exilia
214 2309 253 2372 de
284 2309 418 2372 virtutis
450 2311 497 2373 vi!
525 2333 623 2395 quam
649 2315 776 2376 tantam
802 2313 918 2377 volunt
945 2336 1024 2394 esse,
1046 2309 1072 2371 ul

86 2396 217 2459 beatum
238 2417 297 2478 per
319 2417 354 2459 se
377 2396 503 2461 efficere
525 2399 637 2480 possit.
680 2397 835 2483 Pungunt
856 2403 952 2485 quasi
973 2395 1097 2466 aculens

85 2483 407 2566 interrogatiunculis
423 2476 596 2568 hgustis,
628 2485 746 2568 quibus
774 2487 873 2550 etiam
905 2489 961 2573 qui
990 2504 1072 2553 asser·

85 2571 224 2652 tiuntur,
250 2571 333 2634 nihil
361 2576 602 2636 commutantur
631 2573 740 2639 animo
772 2578 807 2638 et
836 2574 936 2638 iidem
967 2571 1073 2650 abeunt,

87 2658 141 2739 qui
168 2663 334 2741 venerant3
361 2680 414 2722 res
441 2660 528 2722 enim
554 2659 693 2725 fortasse
720 2665 830 2743 verae,
857 2667 944 2726 certe
970 2678 1073 2748 graves

85 2744 218 2807 nonita
234 2749 433 2828 tractantur,
454 2749 492 2809 ut
513 2746 645 2830 debent,
667 2748 724 2812 sed
742 2748 911 2832 aliquanto
931 2749 1073 2815 minutius.

45 2817 68 2878 4
152 2827 304 2912 Sequitur
321 2832 499 2897 disserendi
516 2835 600 2899 ratio
619 2836 827 2921 cognitioque
846 2842 996 2922 naturae,
1016 2843 1100 2900 narrtl

51 2894 126 2979 8de
155 2939 282 2981 summo
310 2920 396 2985 hono
424 2943 513 3003 mox,
544 2926 582 2986 ut
608 2923 688 3006 dixi,
718 2924 901 2989 ridebimus
932 2929 966 2990 et
991 2925 1027 2990 ad
1049 2915 1074 2982 id

86 3004 309 3086 explicandum
345 3007 600 3089 disputationem
631 3032 761 3076 omnem
791 3012 1001 3078 conferemus.
1046 3005 1074 3072 lu

85 3089 138 3154 his
173 3091 274 3175 igitur
310 3095 458 3175 partibus
494 3097 619 3162 duabus
655 3097 740 3162 nihil
774 3103 861 3182 erat,
892 3101 977 3185 quod
1007 3099 1073 3164 zeno

86 3183 283 3242 commutare
306 3182 451 3263 gestiret
496 3183 561 3248 Res
584 3186 671 3249 enim
698 3207 734 3250 se
754 3188 922 3270 praeclare
944 3183 1074 3260 habebat,

86 3266 271 3350 etquidem
297 3267 331 3331 in
354 3272 491 3353 utraque
518 3276 621 3354 parte
667 3273 752 3349 Quid
779 3275 866 3339 enim
889 3277 932 3342 ab
955 3268 1099 3356 unoquisr

85 3373 124 3416 ex
152 3376 190 3419 co
218 3375 349 3438 genere,
381 3357 467 3441 quod
497 3359 538 3422 ad
569 3360 790 3426 disserendum
821 3363 924 3446 valet,
955 3364 1072 3447 praeter·

85 3440 221 3506 missum
244 3443 315 3507 est?
343 3444 398 3528 qui
427 3449 461 3510 et
487 3445 681 3513 definierimt
700 3449 842 3534 plurima
864 3453 897 3514 et
924 3437 1073 3515 definiendi
