<?xml version="1.0" encoding="UTF-8"?>
<!DOCTYPE html PUBLIC "-//W3C//DTD XHTML 1.0 Transitional//EN"
    "http://www.w3.org/TR/xhtml1/DTD/xhtml1-transitional.dtd">
<html xmlns="http://www.w3.org/1999/xhtml" xml:lang="en" lang="en">
 <head>
  <title>
</title>
<meta http-equiv="Content-Type" content="text/html;charset=utf-8" />
  <meta name='ocr-system' content='tesseract 3.04.00' />
  <meta name='ocr-capabilities' content='ocr_page ocr_carea ocr_par ocr_line ocrx_word'/>
</head>
<body>
  <div class='ocr_page' id='page_1' title='image "./mtulliiciceroni00mlgoog_0453.png"; bbox 0 0 2346 3876; ppageno 0'>
   <div class='ocr_carea' id='block_1_1' title="bbox 100 155 921 220">
    <p class='ocr_par' dir='ltr' id='par_1_1' title="bbox 100 155 921 220">
     <span class='ocr_line' id='line_1_1' title="bbox 100 155 921 220; baseline 0.004 -10"><span class='ocrx_word' id='word_1_1' title='bbox 100 156 170 220; x_wconf 83' lang='grc'><strong>404</strong></span> <span class='ocrx_word' id='word_1_2' title='bbox 299 155 598 211; x_wconf 70' lang='lat' dir='ltr'><strong>wscueaaaun</strong></span> <span class='ocrx_word' id='word_1_3' title='bbox 614 156 921 213; x_wconf 73' lang='lat' dir='ltr'><strong>Disrurarlonul</strong></span> 
     </span>
    </p>
   </div>
   <div class='ocr_carea' id='block_1_2' title="bbox 50 317 1116 1103">
    <p class='ocr_par' dir='ltr' id='par_1_2' title="bbox 101 317 1098 577">
     <span class='ocr_line' id='line_1_2' title="bbox 102 317 1098 401; baseline 0 -19"><span class='ocrx_word' id='word_1_4' title='bbox 102 317 361 401; x_wconf 82' lang='lat' dir='ltr'><strong>‘voluptatem</strong></span> <span class='ocrx_word' id='word_1_5' title='bbox 385 318 504 382; x_wconf 91' lang='lat' dir='ltr'><strong>animi</strong></span> <span class='ocrx_word' id='word_1_6' title='bbox 520 318 679 383; x_wconf 83' lang='lat' dir='ltr'><strong>nimiam</strong></span> <span class='ocrx_word' id='word_1_7' title='bbox 696 341 882 383; x_wconf 91' lang='lat' dir='ltr'><strong>summum</strong></span> <span class='ocrx_word' id='word_1_8' title='bbox 905 341 989 385; x_wconf 90' lang='lat' dir='ltr'><strong>esse</strong></span> <span class='ocrx_word' id='word_1_9' title='bbox 1009 340 1098 383; x_wconf 85' lang='lat' dir='ltr'><strong>erro·</strong></span> 
     </span>
     <span class='ocr_line' id='line_1_3' title="bbox 101 404 1098 490; baseline 0.001 -21"><span class='ocrx_word' id='word_1_10' title='bbox 101 404 196 469; x_wconf 90' lang='lat' dir='ltr'><strong>rem’</strong></span> <span class='ocrx_word' id='word_1_11' title='bbox 220 406 408 471; x_wconf 80' lang='lat' dir='ltr'><strong>arbitratur.</strong></span> <span class='ocrx_word' id='word_1_12' title='bbox 452 406 576 471; x_wconf 85' lang='lat' dir='ltr'><strong>Eorum</strong></span> <span class='ocrx_word' id='word_1_13' title='bbox 597 407 700 490; x_wconf 84' lang='lat' dir='ltr'><strong>igitur</strong></span> <span class='ocrx_word' id='word_1_14' title='bbox 722 408 884 471; x_wconf 88' lang='lat' dir='ltr'><strong>malorum</strong></span> <span class='ocrx_word' id='word_1_15' title='bbox 906 408 942 470; x_wconf 92' lang='lat' dir='ltr'><strong>in</strong></span> <span class='ocrx_word' id='word_1_16' title='bbox 963 429 1028 471; x_wconf 93' lang='lat' dir='ltr'><strong>una</strong></span> <span class='ocrx_word' id='word_1_17' title='bbox 1046 407 1098 470; x_wconf 80' lang='lat' dir='ltr'><strong>rir-</strong></span> 
     </span>
     <span class='ocr_line' id='line_1_4' title="bbox 101 493 537 577; baseline 0.002 -20"><span class='ocrx_word' id='word_1_18' title='bbox 101 498 173 557; x_wconf 89' lang='lat' dir='ltr'><strong>tute</strong></span> <span class='ocrx_word' id='word_1_19' title='bbox 194 495 303 577; x_wconf 89' lang='lat' dir='ltr'><strong>posita</strong></span> <span class='ocrx_word' id='word_1_20' title='bbox 323 493 449 558; x_wconf 84' lang='lat' dir='ltr'><strong>sanatio</strong></span> <span class='ocrx_word' id='word_1_21' title='bbox 472 498 537 558; x_wconf 82' lang='lat' dir='ltr'><strong>est-</strong></span> 
     </span>
    </p>

    <p class='ocr_par' dir='ltr' id='par_1_3' title="bbox 50 581 1116 1103">
     <span class='ocr_line' id='line_1_5' title="bbox 50 581 1098 664; baseline -0.007 -13"><span class='ocrx_word' id='word_1_22' title='bbox 50 588 92 652; x_wconf 90' lang='grc'><strong>16</strong></span> <span class='ocrx_word' id='word_1_23' title='bbox 168 581 254 658; x_wconf 87' lang='lat' dir='ltr'>Quid</span> <span class='ocrx_word' id='word_1_24' title='bbox 280 587 390 646; x_wconf 87' lang='lat' dir='ltr'><strong>autem</strong></span> <span class='ocrx_word' id='word_1_25' title='bbox 416 586 465 645; x_wconf 90' lang='lat' dir='ltr'><strong>est</strong></span> <span class='ocrx_word' id='word_1_26' title='bbox 491 603 558 647; x_wconf 92' lang='lat' dir='ltr'><strong>nou</strong></span> <span class='ocrx_word' id='word_1_27' title='bbox 584 581 736 645; x_wconf 88' lang='lat' dir='ltr'><strong>miserius</strong></span> <span class='ocrx_word' id='word_1_28' title='bbox 759 583 879 664; x_wconf 92' lang='lat' dir='ltr'><strong>solum,</strong></span> <span class='ocrx_word' id='word_1_29' title='bbox 910 583 968 646; x_wconf 90' lang='lat' dir='ltr'><strong>sed</strong></span> <span class='ocrx_word' id='word_1_30' title='bbox 988 581 1098 647; x_wconf 85' lang='lat' dir='ltr'><strong>foedius</strong></span> 
     </span>
     <span class='ocr_line' id='line_1_6' title="bbox 102 669 1116 753; baseline -0.003 -20"><span class='ocrx_word' id='word_1_31' title='bbox 102 671 201 733; x_wconf 90' lang='lat' dir='ltr'><strong>etiam</strong></span> <span class='ocrx_word' id='word_1_32' title='bbox 215 675 249 733; x_wconf 94' lang='lat' dir='ltr'><strong>et</strong></span> <span class='ocrx_word' id='word_1_33' title='bbox 266 670 440 735; x_wconf 81' lang='lat' dir='ltr'><strong>deformius</strong></span> <span class='ocrx_word' id='word_1_34' title='bbox 458 691 556 752; x_wconf 91' lang='lat' dir='ltr'><strong>quam</strong></span> <span class='ocrx_word' id='word_1_35' title='bbox 571 670 773 753; x_wconf 76' lang='lat' dir='ltr'>aegritudine</span> <span class='ocrx_word' id='word_1_36' title='bbox 790 670 864 753; x_wconf 86' lang='lat' dir='ltr'><strong>quis</strong></span> <span class='ocrx_word' id='word_1_37' title='bbox 883 670 1040 747; x_wconf 90' lang='lat' dir='ltr'><strong>adflictus,</strong></span> <span class='ocrx_word' id='word_1_38' title='bbox 1056 669 1116 732; x_wconf 75' lang='lat' dir='ltr'><strong>des</strong></span> 
     </span>
     <span class='ocr_line' id='line_1_7' title="bbox 101 755 1098 840; baseline -0.003 -18"><span class='ocrx_word' id='word_1_39' title='bbox 101 758 266 839; x_wconf 84' lang='lat' dir='ltr'><strong>bilitatus‚</strong></span> <span class='ocrx_word' id='word_1_40' title='bbox 288 758 420 822; x_wconf 81' lang='lat' dir='ltr'><strong>iacens?</strong></span> <span class='ocrx_word' id='word_1_41' title='bbox 463 755 524 820; x_wconf 84' lang='lat' dir='ltr'><strong>Oui</strong></span> <span class='ocrx_word' id='word_1_42' title='bbox 546 757 698 820; x_wconf 80' lang='lat' dir='ltr'><strong>miseriae</strong></span> <span class='ocrx_word' id='word_1_43' title='bbox 721 779 898 840; x_wconf 81' lang='lat' dir='ltr'><strong>proxumus</strong></span> <span class='ocrx_word' id='word_1_44' title='bbox 920 764 972 822; x_wconf 87' lang='lat' dir='ltr'><strong>est</strong></span> <span class='ocrx_word' id='word_1_45' title='bbox 993 759 1034 839; x_wconf 90' lang='lat' dir='ltr'><strong>is,</strong></span> <span class='ocrx_word' id='word_1_46' title='bbox 1054 755 1098 839; x_wconf 93' lang='lat' dir='ltr'><strong>qui</strong></span> 
     </span>
     <span class='ocr_line' id='line_1_8' title="bbox 103 844 1098 929; baseline -0.003 -21"><span class='ocrx_word' id='word_1_47' title='bbox 103 846 366 928; x_wconf 80' lang='lat' dir='ltr'><strong>adpropinquans</strong></span> <span class='ocrx_word' id='word_1_48' title='bbox 393 844 526 929; x_wconf 88' lang='lat' dir='ltr'><strong>aliquod</strong></span> <span class='ocrx_word' id='word_1_49' title='bbox 552 845 675 908; x_wconf 89' lang='lat' dir='ltr'><strong>malum</strong></span> <span class='ocrx_word' id='word_1_50' title='bbox 701 845 818 909; x_wconf 88' lang='lat' dir='ltr'><strong>metuit</strong></span> <span class='ocrx_word' id='word_1_51' title='bbox 847 846 1098 927; x_wconf 84' lang='lat' dir='ltr'><strong>exanimatusque</strong></span> 
     </span>
     <span class='ocr_line' id='line_1_9' title="bbox 101 931 1099 1017; baseline -0.004 -20"><span class='ocrx_word' id='word_1_52' title='bbox 101 933 222 1014; x_wconf 90' lang='lat' dir='ltr'><strong>pendet</strong></span> <span class='ocrx_word' id='word_1_53' title='bbox 248 933 356 996; x_wconf 83' lang='lat' dir='ltr'><strong>animi</strong></span> <span class='ocrx_word' id='word_1_54' title='bbox 410 931 514 1007; x_wconf 84' lang='lat' dir='ltr'><strong>Quam</strong></span> <span class='ocrx_word' id='word_1_55' title='bbox 541 933 607 995; x_wconf 84' lang='lat' dir='ltr'><strong>rim</strong></span> <span class='ocrx_word' id='word_1_56' title='bbox 634 933 714 995; x_wconf 89' lang='lat' dir='ltr'><strong>mali</strong></span> <span class='ocrx_word' id='word_1_57' title='bbox 746 932 970 1016; x_wconf 83' lang='lat' dir='ltr'><strong>significantes</strong></span> <span class='ocrx_word' id='word_1_58' title='bbox 1000 937 1099 1017; x_wconf 75' lang='lat' dir='ltr'><strong>pottae</strong></span> 
     </span>
     <span class='ocr_line' id='line_1_10' title="bbox 101 1019 990 1103; baseline 0.002 -19"><span class='ocrx_word' id='word_1_59' title='bbox 101 1020 287 1103; x_wconf 85' lang='lat' dir='ltr'><strong>impendere</strong></span> <span class='ocrx_word' id='word_1_60' title='bbox 309 1019 396 1102; x_wconf 91' lang='lat' dir='ltr'><strong>apud</strong></span> <span class='ocrx_word' id='word_1_61' title='bbox 418 1019 541 1084; x_wconf 89' lang='lat' dir='ltr'><strong>inferos</strong></span> <span class='ocrx_word' id='word_1_62' title='bbox 564 1042 679 1083; x_wconf 86' lang='lat' dir='ltr'><strong>saxum</strong></span> <span class='ocrx_word' id='word_1_63' title='bbox 701 1019 842 1084; x_wconf 76' lang='lat' dir='ltr'><strong>Tantalo</strong></span> <span class='ocrx_word' id='word_1_64' title='bbox 862 1020 990 1086; x_wconf 86' lang='lat' dir='ltr'><strong>faciunt</strong></span> 
     </span>
    </p>
   </div>
   <div class='ocr_carea' id='block_1_3' title="bbox 146 1126 1099 1227">
    <p class='ocr_par' dir='ltr' id='par_1_4' title="bbox 146 1126 1099 1227">
     <span class='ocr_line' id='line_1_11' title="bbox 146 1126 1099 1227; baseline -0.003 -20"><span class='ocrx_word' id='word_1_65' title='bbox 146 1126 202 1207; x_wconf 81' lang='lat' dir='ltr'><strong>Ob</strong></span> <span class='ocrx_word' id='word_1_66' title='bbox 221 1141 370 1206; x_wconf 89' lang='lat' dir='ltr'><strong>scelera</strong></span> <span class='ocrx_word' id='word_1_67' title='bbox 388 1142 583 1226; x_wconf 83' lang='lat' dir='ltr'><strong>animique</strong></span> <span class='ocrx_word' id='word_1_68' title='bbox 602 1140 863 1225; x_wconf 79' lang='lat' dir='ltr'><strong>inpotentiam</strong></span> <span class='ocrx_word' id='word_1_69' title='bbox 885 1145 924 1207; x_wconf 78' lang='lat' dir='ltr'><strong>et</strong></span> <span class='ocrx_word' id='word_1_70' title='bbox 940 1143 1099 1227; x_wconf 89' lang='lat' dir='ltr'><strong>superbi·</strong></span> 
     </span>
    </p>
   </div>
   <div class='ocr_carea' id='block_1_4' title="bbox 766 1229 1126 1315">
    <p class='ocr_par' dir='ltr' id='par_1_5' title="bbox 766 1229 1126 1315">
     <span class='ocr_line' id='line_1_12' title="bbox 766 1229 1126 1315; baseline 0.006 -21"><span class='ocrx_word' id='word_1_71' title='bbox 766 1229 1021 1315; x_wconf 75' lang='lat' dir='ltr'><strong>loquentiam</strong></span> <span class='ocrx_word' id='word_1_72' title='bbox 1109 1249 1126 1289; x_wconf 84' lang='lat'><strong>1⁰</strong></span> 
     </span>
    </p>
   </div>
   <div class='ocr_carea' id='block_1_5' title="bbox 51 1369 1142 3616">
    <p class='ocr_par' dir='ltr' id='par_1_6' title="bbox 51 1369 1142 3616">
     <span class='ocr_line' id='line_1_13' title="bbox 101 1369 1101 1453; baseline 0.001 -18"><span class='ocrx_word' id='word_1_73' title='bbox 101 1370 152 1435; x_wconf 85' lang='lat' dir='ltr'><strong>Ea</strong></span> <span class='ocrx_word' id='word_1_74' title='bbox 179 1371 359 1435; x_wconf 90' lang='lat' dir='ltr'><strong>communis</strong></span> <span class='ocrx_word' id='word_1_75' title='bbox 388 1391 492 1453; x_wconf 88' lang='lat' dir='ltr'><strong>poena</strong></span> <span class='ocrx_word' id='word_1_76' title='bbox 524 1371 684 1435; x_wconf 85' lang='lat' dir='ltr'><strong>stultitiae</strong></span> <span class='ocrx_word' id='word_1_77' title='bbox 716 1375 774 1435; x_wconf 83' lang='lat' dir='ltr'><strong>est</strong></span> <span class='ocrx_word' id='word_1_78' title='bbox 825 1369 989 1436; x_wconf 86' lang='lat' dir='ltr'><strong>Omnibus</strong></span> <span class='ocrx_word' id='word_1_79' title='bbox 1020 1371 1101 1449; x_wconf 85' lang='lat' dir='ltr'><strong>enim,</strong></span> 
     </span>
     <span class='ocr_line' id='line_1_14' title="bbox 103 1458 1101 1544; baseline -0.002 -22"><span class='ocrx_word' id='word_1_80' title='bbox 103 1479 239 1542; x_wconf 88' lang='lat' dir='ltr'><strong>quorum</strong></span> <span class='ocrx_word' id='word_1_81' title='bbox 261 1479 353 1522; x_wconf 89' lang='lat' dir='ltr'><strong>mens</strong></span> <span class='ocrx_word' id='word_1_82' title='bbox 377 1458 531 1522; x_wconf 89' lang='lat' dir='ltr'><strong>abhorret</strong></span> <span class='ocrx_word' id='word_1_83' title='bbox 553 1480 574 1523; x_wconf 93' lang='lat' dir='ltr'><strong>a</strong></span> <span class='ocrx_word' id='word_1_84' title='bbox 594 1460 736 1542; x_wconf 91' lang='lat' dir='ltr'><strong>ratione,</strong></span> <span class='ocrx_word' id='word_1_85' title='bbox 765 1479 892 1541; x_wconf 82' lang='lat' dir='ltr'><strong>semper</strong></span> <span class='ocrx_word' id='word_1_86' title='bbox 915 1461 1016 1544; x_wconf 89' lang='lat' dir='ltr'><strong>aliqui</strong></span> <span class='ocrx_word' id='word_1_87' title='bbox 1036 1458 1101 1524; x_wconf 89' lang='lat' dir='ltr'><strong>talis</strong></span> 
     </span>
     <span class='ocr_line' id='line_1_15' title="bbox 51 1545 1101 1629; baseline -0.009 -12"><span class='ocrx_word' id='word_1_88' title='bbox 51 1568 85 1616; x_wconf 81' lang='grc'><strong>36</strong></span> <span class='ocrx_word' id='word_1_89' title='bbox 103 1552 209 1611; x_wconf 89' lang='lat' dir='ltr'><strong>terror</strong></span> <span class='ocrx_word' id='word_1_90' title='bbox 231 1545 403 1628; x_wconf 90' lang='lat' dir='ltr'><strong>impendet.</strong></span> <span class='ocrx_word' id='word_1_91' title='bbox 439 1545 549 1629; x_wconf 80' lang='lat' dir='ltr'><strong>Atque</strong></span> <span class='ocrx_word' id='word_1_92' title='bbox 566 1550 604 1610; x_wconf 94' lang='lat' dir='ltr'><strong>ut</strong></span> <span class='ocrx_word' id='word_1_93' title='bbox 624 1546 706 1611; x_wconf 89' lang='lat' dir='ltr'><strong>haec</strong></span> <span class='ocrx_word' id='word_1_94' title='bbox 727 1546 879 1611; x_wconf 87' lang='lat' dir='ltr'><strong>tabificae</strong></span> <span class='ocrx_word' id='word_1_95' title='bbox 902 1548 1021 1611; x_wconf 88' lang='lat' dir='ltr'><strong>mentis</strong></span> <span class='ocrx_word' id='word_1_96' title='bbox 1041 1567 1101 1629; x_wconf 91' lang='lat' dir='ltr'><strong>per·</strong></span> 
     </span>
     <span class='ocr_line' id='line_1_16' title="bbox 101 1633 1102 1717; baseline -0.002 -19"><span class='ocrx_word' id='word_1_97' title='bbox 101 1635 305 1699; x_wconf 86' lang='lat' dir='ltr'><strong>turbationes</strong></span> <span class='ocrx_word' id='word_1_98' title='bbox 335 1637 425 1715; x_wconf 86' lang='lat' dir='ltr'><strong>suut,</strong></span> <span class='ocrx_word' id='word_1_99' title='bbox 456 1633 693 1717; x_wconf 84' lang='lat' dir='ltr'><strong>aegritudinem</strong></span> <span class='ocrx_word' id='word_1_100' title='bbox 724 1634 796 1698; x_wconf 92' lang='lat' dir='ltr'><strong>dico</strong></span> <span class='ocrx_word' id='word_1_101' title='bbox 827 1637 862 1697; x_wconf 91' lang='lat' dir='ltr'><strong>et</strong></span> <span class='ocrx_word' id='word_1_102' title='bbox 893 1638 1031 1715; x_wconf 89' lang='lat' dir='ltr'><strong>metum,</strong></span> <span class='ocrx_word' id='word_1_103' title='bbox 1063 1634 1102 1696; x_wconf 89' lang='lat' dir='ltr'><strong>sic</strong></span> 
     </span>
     <span class='ocr_line' id='line_1_17' title="bbox 102 1721 1129 1807; baseline -0.007 -20"><span class='ocrx_word' id='word_1_104' title='bbox 102 1723 272 1787; x_wconf 85' lang='lat' dir='ltr'><strong>hilariores</strong></span> <span class='ocrx_word' id='word_1_105' title='bbox 307 1721 397 1804; x_wconf 90' lang='lat' dir='ltr'><strong>illae,</strong></span> <span class='ocrx_word' id='word_1_106' title='bbox 431 1722 591 1804; x_wconf 87' lang='lat' dir='ltr'><strong>cupiditas</strong></span> <span class='ocrx_word' id='word_1_107' title='bbox 623 1722 715 1786; x_wconf 80' lang='lat' dir='ltr'><strong>avide</strong></span> <span class='ocrx_word' id='word_1_108' title='bbox 747 1742 874 1804; x_wconf 88' lang='lat' dir='ltr'><strong>semper</strong></span> <span class='ocrx_word' id='word_1_109' title='bbox 907 1722 1030 1807; x_wconf 91' lang='lat' dir='ltr'><strong>aliquid</strong></span> <span class='ocrx_word' id='word_1_110' title='bbox 1059 1739 1129 1785; x_wconf 71' lang='lat' dir='ltr'><strong>ena</strong></span> 
     </span>
     <span class='ocr_line' id='line_1_18' title="bbox 102 1808 1104 1894; baseline -0.004 -19"><span class='ocrx_word' id='word_1_111' title='bbox 102 1813 216 1891; x_wconf 90' lang='lat' dir='ltr'><strong>petens</strong></span> <span class='ocrx_word' id='word_1_112' title='bbox 234 1811 268 1872; x_wconf 92' lang='lat' dir='ltr'><strong>et</strong></span> <span class='ocrx_word' id='word_1_113' title='bbox 289 1808 396 1873; x_wconf 90' lang='lat' dir='ltr'><strong>inanis</strong></span> <span class='ocrx_word' id='word_1_114' title='bbox 415 1808 580 1891; x_wconf 78' lang='lat' dir='ltr'><strong>alacritas,</strong></span> <span class='ocrx_word' id='word_1_115' title='bbox 602 1809 706 1873; x_wconf 92' lang='lat' dir='ltr'><strong>idest</strong></span> <span class='ocrx_word' id='word_1_116' title='bbox 726 1809 854 1873; x_wconf 89' lang='lat' dir='ltr'><strong>laetitia</strong></span> <span class='ocrx_word' id='word_1_117' title='bbox 872 1810 1026 1894; x_wconf 87' lang='lat' dir='ltr'><strong>gestiens,</strong></span> <span class='ocrx_word' id='word_1_118' title='bbox 1046 1829 1104 1873; x_wconf 89' lang='lat' dir='ltr'><strong>nou</strong></span> 
     </span>
     <span class='ocr_line' id='line_1_19' title="bbox 102 1896 1104 1982; baseline -0.002 -20"><span class='ocrx_word' id='word_1_119' title='bbox 102 1899 241 1962; x_wconf 90' lang='lat' dir='ltr'><strong>multum</strong></span> <span class='ocrx_word' id='word_1_120' title='bbox 268 1896 419 1961; x_wconf 86' lang='lat' dir='ltr'><strong>differunt</strong></span> <span class='ocrx_word' id='word_1_121' title='bbox 446 1897 488 1960; x_wconf 91' lang='lat' dir='ltr'><strong>ab</strong></span> <span class='ocrx_word' id='word_1_122' title='bbox 520 1897 671 1961; x_wconf 91' lang='lat' dir='ltr'><strong>amentia.</strong></span> <span class='ocrx_word' id='word_1_123' title='bbox 724 1896 775 1960; x_wconf 84' lang='lat' dir='ltr'><strong>Ex</strong></span> <span class='ocrx_word' id='word_1_124' title='bbox 806 1918 871 1980; x_wconf 94' lang='lat' dir='ltr'><strong>quo</strong></span> <span class='ocrx_word' id='word_1_125' title='bbox 903 1897 1104 1982; x_wconf 86' lang='lat' dir='ltr'><strong>intellegitur,</strong></span> 
     </span>
     <span class='ocr_line' id='line_1_20' title="bbox 104 1984 1104 2068; baseline -0.004 -18"><span class='ocrx_word' id='word_1_126' title='bbox 104 1985 210 2068; x_wconf 83' lang='lat' dir='ltr'><strong>qualis</strong></span> <span class='ocrx_word' id='word_1_127' title='bbox 229 1984 286 2048; x_wconf 90' lang='lat' dir='ltr'><strong>ille</strong></span> <span class='ocrx_word' id='word_1_128' title='bbox 304 1985 360 2067; x_wconf 88' lang='lat' dir='ltr'><strong>sit,</strong></span> <span class='ocrx_word' id='word_1_129' title='bbox 383 2005 478 2068; x_wconf 91' lang='lat' dir='ltr'><strong>quem</strong></span> <span class='ocrx_word' id='word_1_130' title='bbox 495 1987 566 2047; x_wconf 89' lang='lat' dir='ltr'><strong>turn</strong></span> <span class='ocrx_word' id='word_1_131' title='bbox 584 1985 799 2066; x_wconf 89' lang='lat' dir='ltr'><strong>moderatum,</strong></span> <span class='ocrx_word' id='word_1_132' title='bbox 823 1984 904 2048; x_wconf 89' lang='lat' dir='ltr'><strong>alias</strong></span> <span class='ocrx_word' id='word_1_133' title='bbox 923 1986 1104 2064; x_wconf 87' lang='lat' dir='ltr'><strong>modestum,</strong></span> 
     </span>
     <span class='ocr_line' id='line_1_21' title="bbox 103 2072 1104 2155; baseline -0.002 -20"><span class='ocrx_word' id='word_1_134' title='bbox 103 2078 169 2136; x_wconf 83' lang='lat' dir='ltr'><strong>tum</strong></span> <span class='ocrx_word' id='word_1_135' title='bbox 200 2075 450 2155; x_wconf 89' lang='lat' dir='ltr'><strong>temperantem,</strong></span> <span class='ocrx_word' id='word_1_136' title='bbox 483 2072 564 2135; x_wconf 90' lang='lat' dir='ltr'><strong>alias</strong></span> <span class='ocrx_word' id='word_1_137' title='bbox 597 2075 799 2136; x_wconf 86' lang='lat' dir='ltr'><strong>constantem</strong></span> <span class='ocrx_word' id='word_1_138' title='bbox 831 2073 1104 2155; x_wconf 84' lang='lat' dir='ltr'><strong>continentemque</strong></span> 
     </span>
     <span class='ocr_line' id='line_1_22' title="bbox 103 2159 1131 2243; baseline -0.002 -21"><span class='ocrx_word' id='word_1_139' title='bbox 103 2159 253 2243; x_wconf 82' lang='lat' dir='ltr'><strong>dicimus3</strong></span> <span class='ocrx_word' id='word_1_140' title='bbox 275 2180 342 2223; x_wconf 93' lang='lat' dir='ltr'><strong>non</strong></span> <span class='ocrx_word' id='word_1_141' title='bbox 363 2181 540 2242; x_wconf 91' lang='lat' dir='ltr'><strong>numquam</strong></span> <span class='ocrx_word' id='word_1_142' title='bbox 562 2160 642 2225; x_wconf 90' lang='lat' dir='ltr'><strong>haec</strong></span> <span class='ocrx_word' id='word_1_143' title='bbox 664 2159 777 2225; x_wconf 90' lang='lat' dir='ltr'><strong>eadem</strong></span> <span class='ocrx_word' id='word_1_144' title='bbox 801 2160 961 2223; x_wconf 89' lang='lat' dir='ltr'><strong>vocabula</strong></span> <span class='ocrx_word' id='word_1_145' title='bbox 985 2161 1026 2224; x_wconf 90' lang='lat' dir='ltr'><strong>ad</strong></span> <span class='ocrx_word' id='word_1_146' title='bbox 1046 2159 1131 2223; x_wconf 80' lang='lat' dir='ltr'><strong>tro-a</strong></span> 
     </span>
     <span class='ocr_line' id='line_1_23' title="bbox 104 2245 1103 2331; baseline -0.002 -21"><span class='ocrx_word' id='word_1_147' title='bbox 104 2245 248 2331; x_wconf 88' lang='lat' dir='ltr'><strong>galitatis</strong></span> <span class='ocrx_word' id='word_1_148' title='bbox 274 2268 393 2312; x_wconf 89' lang='lat' dir='ltr'><strong>nomen</strong></span> <span class='ocrx_word' id='word_1_149' title='bbox 419 2249 586 2330; x_wconf 90' lang='lat' dir='ltr'><strong>tamquam</strong></span> <span class='ocrx_word' id='word_1_150' title='bbox 612 2247 654 2310; x_wconf 91' lang='lat' dir='ltr'><strong>ad</strong></span> <span class='ocrx_word' id='word_1_151' title='bbox 680 2250 778 2331; x_wconf 92' lang='lat' dir='ltr'><strong>caput</strong></span> <span class='ocrx_word' id='word_1_152' title='bbox 804 2245 925 2310; x_wconf 88' lang='lat' dir='ltr'><strong>referre</strong></span> <span class='ocrx_word' id='word_1_153' title='bbox 955 2249 1103 2312; x_wconf 79' lang='lat' dir='ltr'><strong>volumus.</strong></span> 
     </span>
     <span class='ocr_line' id='line_1_24' title="bbox 104 2334 1105 2419; baseline 0 -21"><span class='ocrx_word' id='word_1_154' title='bbox 104 2334 261 2411; x_wconf 83' lang='lat' dir='ltr'><strong>Quodnisi</strong></span> <span class='ocrx_word' id='word_1_155' title='bbox 284 2355 321 2398; x_wconf 93' lang='lat' dir='ltr'><strong>eo</strong></span> <span class='ocrx_word' id='word_1_156' title='bbox 344 2335 474 2399; x_wconf 88' lang='lat' dir='ltr'><strong>nomine</strong></span> <span class='ocrx_word' id='word_1_157' title='bbox 497 2335 634 2399; x_wconf 86' lang='lat' dir='ltr'><strong>virtutes</strong></span> <span class='ocrx_word' id='word_1_158' title='bbox 657 2336 912 2417; x_wconf 79' lang='lat' dir='ltr'><strong>continerentur,</strong></span> <span class='ocrx_word' id='word_1_159' title='bbox 936 2354 1105 2419; x_wconf 89' lang='lat' dir='ltr'><strong>numquam</strong></span> 
     </span>
     <span class='ocr_line' id='line_1_25' title="bbox 102 2422 1105 2507; baseline 0 -21"><span class='ocrx_word' id='word_1_160' title='bbox 102 2424 150 2487; x_wconf 89' lang='lat' dir='ltr'><strong>ita</strong></span> <span class='ocrx_word' id='word_1_161' title='bbox 177 2422 403 2506; x_wconf 85' lang='lat' dir='ltr'><strong>pervolgatum</strong></span> <span class='ocrx_word' id='word_1_162' title='bbox 424 2422 504 2487; x_wconf 91' lang='lat' dir='ltr'><strong>illud</strong></span> <span class='ocrx_word' id='word_1_163' title='bbox 531 2425 630 2507; x_wconf 86' lang='lat' dir='ltr'><strong>esset,</strong></span> <span class='ocrx_word' id='word_1_164' title='bbox 656 2426 695 2486; x_wconf 89' lang='lat' dir='ltr'><strong>ut</strong></span> <span class='ocrx_word' id='word_1_165' title='bbox 720 2423 787 2487; x_wconf 90' lang='lat' dir='ltr'><strong>iam</strong></span> <span class='ocrx_word' id='word_1_166' title='bbox 812 2423 981 2504; x_wconf 84' lang='lat' dir='ltr'><strong>proverbii</strong></span> <span class='ocrx_word' id='word_1_167' title='bbox 1008 2425 1105 2488; x_wconf 87' lang='lat' dir='ltr'><strong>locum</strong></span> 
     </span>
     <span class='ocr_line' id='line_1_26' title="bbox 104 2507 1105 2594; baseline -0.004 -19"><span class='ocrx_word' id='word_1_168' title='bbox 104 2511 278 2594; x_wconf 91' lang='lat' dir='ltr'><strong>obtineret,</strong></span> <span class='ocrx_word' id='word_1_169' title='bbox 302 2509 482 2574; x_wconf 69' lang='lat' dir='ltr'><strong>‘hominem</strong></span> <span class='ocrx_word' id='word_1_170' title='bbox 504 2509 592 2594; x_wconf 83' lang='lat' dir='ltr'><strong>frugi</strong></span> <span class='ocrx_word' id='word_1_171' title='bbox 614 2511 723 2574; x_wconf 88' lang='lat' dir='ltr'><strong>omnia</strong></span> <span class='ocrx_word' id='word_1_172' title='bbox 745 2513 831 2573; x_wconf 90' lang='lat' dir='ltr'><strong>recte</strong></span> <span class='ocrx_word' id='word_1_173' title='bbox 853 2509 988 2575; x_wconf 85' lang='lat' dir='ltr'><strong>facere’.</strong></span> <span class='ocrx_word' id='word_1_174' title='bbox 1022 2507 1105 2586; x_wconf 81' lang='lat' dir='ltr'><strong>Quod</strong></span> 
     </span>
     <span class='ocr_line' id='line_1_27' title="bbox 103 2595 1133 2700; baseline -0.003 -40"><span class='ocrx_word' id='word_1_175' title='bbox 103 2598 189 2698; x_wconf 83' lang='lat' dir='ltr'><strong>idem</strong></span> <span class='ocrx_word' id='word_1_176' title='bbox 216 2619 289 2700; x_wconf 79' lang='lat' dir='ltr'><strong>cum</strong></span> <span class='ocrx_word' id='word_1_177' title='bbox 311 2595 412 2661; x_wconf 82' lang='lat' dir='ltr'><strong>Stoici</strong></span> <span class='ocrx_word' id='word_1_178' title='bbox 439 2597 648 2698; x_wconf 23' lang='lat' dir='ltr'><strong>detsapieute</strong></span> <span class='ocrx_word' id='word_1_179' title='bbox 670 2598 794 2697; x_wconf 85' lang='lat' dir='ltr'><strong>dicunt,</strong></span> <span class='ocrx_word' id='word_1_180' title='bbox 819 2597 918 2661; x_wconf 90' lang='lat' dir='ltr'><strong>nimis</strong></span> <span class='ocrx_word' id='word_1_181' title='bbox 942 2596 1133 2662; x_wconf 69' lang='lat' dir='ltr'><strong>admirable</strong></span> 
     </span>
     <span class='ocr_line' id='line_1_28' title="bbox 52 2685 1106 2877; baseline -0.001 -39"><span class='ocrx_word' id='word_1_182' title='bbox 52 2751 94 2877; x_wconf 53' lang='grc' dir='ltr'><strong>ἐξ</strong></span> <span class='ocrx_word' id='word_1_183' title='bbox 103 2686 360 2858; x_wconf 52' lang='lat' dir='ltr'><strong>htellliugbuliibl?</strong></span> <span class='ocrx_word' id='word_1_184' title='bbox 381 2685 949 2856; x_wconf 42' lang='lat' dir='ltr'><strong>&amp;uigiliisoeesltloediriliilddtidtione</strong></span> <span class='ocrx_word' id='word_1_185' title='bbox 978 2777 1012 2837; x_wconf 89' lang='lat' dir='ltr'><strong>et</strong></span> <span class='ocrx_word' id='word_1_186' title='bbox 1041 2793 1106 2837; x_wconf 87' lang='lat' dir='ltr'><strong>oon·</strong></span> 
     </span>
     <span class='ocr_line' id='line_1_29' title="bbox 106 2860 1107 2945; baseline -0.003 -21"><span class='ocrx_word' id='word_1_187' title='bbox 106 2861 229 2924; x_wconf 88' lang='lat' dir='ltr'><strong>stantia</strong></span> <span class='ocrx_word' id='word_1_188' title='bbox 259 2860 387 2944; x_wconf 90' lang='lat' dir='ltr'><strong>quietus</strong></span> <span class='ocrx_word' id='word_1_189' title='bbox 415 2860 521 2924; x_wconf 90' lang='lat' dir='ltr'><strong>animo</strong></span> <span class='ocrx_word' id='word_1_190' title='bbox 549 2864 599 2924; x_wconf 90' lang='lat' dir='ltr'><strong>est</strong></span> <span class='ocrx_word' id='word_1_191' title='bbox 626 2860 751 2945; x_wconf 91' lang='lat' dir='ltr'><strong>sibique</strong></span> <span class='ocrx_word' id='word_1_192' title='bbox 782 2860 852 2942; x_wconf 85' lang='lat' dir='ltr'><strong>ipae</strong></span> <span class='ocrx_word' id='word_1_193' title='bbox 884 2861 1046 2944; x_wconf 87' lang='lat' dir='ltr'><strong>placatus,</strong></span> <span class='ocrx_word' id='word_1_194' title='bbox 1075 2862 1107 2923; x_wconf 90' lang='lat' dir='ltr'><strong>ut</strong></span> 
     </span>
     <span class='ocr_line' id='line_1_30' title="bbox 103 2947 1107 3031; baseline 0 -20"><span class='ocrx_word' id='word_1_195' title='bbox 103 2968 163 3012; x_wconf 89' lang='lat' dir='ltr'><strong>nec</strong></span> <span class='ocrx_word' id='word_1_196' title='bbox 189 2948 336 3012; x_wconf 88' lang='lat' dir='ltr'><strong>tabescat</strong></span> <span class='ocrx_word' id='word_1_197' title='bbox 362 2947 520 3012; x_wconf 88' lang='lat' dir='ltr'><strong>molestiis</strong></span> <span class='ocrx_word' id='word_1_198' title='bbox 547 2969 607 3012; x_wconf 91' lang='lat' dir='ltr'><strong>nec</strong></span> <span class='ocrx_word' id='word_1_199' title='bbox 637 2947 807 3031; x_wconf 84' lang='lat' dir='ltr'><strong>frangatur</strong></span> <span class='ocrx_word' id='word_1_200' title='bbox 837 2947 956 3012; x_wconf 87' lang='lat' dir='ltr'><strong>timore</strong></span> <span class='ocrx_word' id='word_1_201' title='bbox 984 2969 1044 3012; x_wconf 89' lang='lat' dir='ltr'><strong>neo</strong></span> <span class='ocrx_word' id='word_1_202' title='bbox 1071 2947 1107 3012; x_wconf 89' lang='lat' dir='ltr'><strong>si·</strong></span> 
     </span>
     <span class='ocr_line' id='line_1_31' title="bbox 105 3033 1138 3119; baseline -0.003 -20"><span class='ocrx_word' id='word_1_203' title='bbox 105 3037 223 3100; x_wconf 87' lang='lat' dir='ltr'><strong>tienter</strong></span> <span class='ocrx_word' id='word_1_204' title='bbox 249 3034 326 3119; x_wconf 89' lang='lat' dir='ltr'><strong>quid</strong></span> <span class='ocrx_word' id='word_1_205' title='bbox 354 3039 506 3116; x_wconf 84' lang='lat' dir='ltr'><strong>expetens</strong></span> <span class='ocrx_word' id='word_1_206' title='bbox 534 3036 646 3100; x_wconf 88' lang='lat' dir='ltr'><strong>ardeat</strong></span> <span class='ocrx_word' id='word_1_207' title='bbox 673 3033 830 3099; x_wconf 89' lang='lat' dir='ltr'><strong>desiderio</strong></span> <span class='ocrx_word' id='word_1_208' title='bbox 857 3056 917 3100; x_wconf 90' lang='lat' dir='ltr'><strong>nec</strong></span> <span class='ocrx_word' id='word_1_209' title='bbox 946 3037 1138 3101; x_wconf 74' lang='lat' dir='ltr'><strong>alacritates</strong></span> 
     </span>
     <span class='ocr_line' id='line_1_32' title="bbox 105 3121 1114 3208; baseline -0.002 -20"><span class='ocrx_word' id='word_1_210' title='bbox 105 3122 209 3188; x_wconf 85' lang='lat' dir='ltr'><strong>futtili</strong></span> <span class='ocrx_word' id='word_1_211' title='bbox 228 3122 368 3208; x_wconf 86' lang='lat' dir='ltr'><strong>gestiens</strong></span> <span class='ocrx_word' id='word_1_212' title='bbox 389 3121 594 3207; x_wconf 87' lang='lat' dir='ltr'><strong>deliquescat,</strong></span> <span class='ocrx_word' id='word_1_213' title='bbox 611 3124 640 3188; x_wconf 90' lang='lat' dir='ltr'><strong>is</strong></span> <span class='ocrx_word' id='word_1_214' title='bbox 655 3127 705 3188; x_wconf 90' lang='lat' dir='ltr'><strong>est</strong></span> <span class='ocrx_word' id='word_1_215' title='bbox 722 3123 861 3205; x_wconf 86' lang='lat' dir='ltr'><strong>sapiens,</strong></span> <span class='ocrx_word' id='word_1_216' title='bbox 880 3143 977 3206; x_wconf 90' lang='lat' dir='ltr'><strong>quem</strong></span> <span class='ocrx_word' id='word_1_217' title='bbox 992 3123 1114 3206; x_wconf 84' lang='lat' dir='ltr'><strong>quaeri-</strong></span> 
     </span>
     <span class='ocr_line' id='line_1_33' title="bbox 105 3208 1110 3291; baseline -0.001 -18"><span class='ocrx_word' id='word_1_218' title='bbox 105 3231 191 3291; x_wconf 91' lang='lat' dir='ltr'><strong>mus,</strong></span> <span class='ocrx_word' id='word_1_219' title='bbox 219 3211 247 3274; x_wconf 90' lang='lat' dir='ltr'><strong>is</strong></span> <span class='ocrx_word' id='word_1_220' title='bbox 275 3212 325 3273; x_wconf 89' lang='lat' dir='ltr'><strong>est</strong></span> <span class='ocrx_word' id='word_1_221' title='bbox 351 3208 479 3291; x_wconf 87' lang='lat' dir='ltr'><strong>beatus,</strong></span> <span class='ocrx_word' id='word_1_222' title='bbox 509 3210 560 3274; x_wconf 88' lang='lat' dir='ltr'><strong>uui</strong></span> <span class='ocrx_word' id='word_1_223' title='bbox 583 3211 665 3276; x_wconf 90' lang='lat' dir='ltr'><strong>nihil</strong></span> <span class='ocrx_word' id='word_1_224' title='bbox 688 3211 904 3274; x_wconf 89' lang='lat' dir='ltr'><strong>humanarum</strong></span> <span class='ocrx_word' id='word_1_225' title='bbox 927 3231 1035 3274; x_wconf 90' lang='lat' dir='ltr'><strong>rerum</strong></span> <span class='ocrx_word' id='word_1_226' title='bbox 1060 3213 1110 3275; x_wconf 90' lang='lat' dir='ltr'><strong>aut</strong></span> 
     </span>
     <span class='ocr_line' id='line_1_34' title="bbox 106 3294 1110 3363; baseline 0 -2"><span class='ocrx_word' id='word_1_227' title='bbox 106 3296 312 3363; x_wconf 87' lang='lat' dir='ltr'><strong>intolerabile</strong></span> <span class='ocrx_word' id='word_1_228' title='bbox 335 3294 375 3359; x_wconf 89' lang='lat' dir='ltr'><strong>ad</strong></span> <span class='ocrx_word' id='word_1_229' title='bbox 398 3295 631 3363; x_wconf 89' lang='lat' dir='ltr'><strong>demittendum</strong></span> <span class='ocrx_word' id='word_1_230' title='bbox 650 3298 795 3362; x_wconf 88' lang='lat' dir='ltr'><strong>animum</strong></span> <span class='ocrx_word' id='word_1_231' title='bbox 814 3301 870 3360; x_wconf 91' lang='lat' dir='ltr'><strong>aut</strong></span> <span class='ocrx_word' id='word_1_232' title='bbox 892 3299 991 3363; x_wconf 86' lang='lat' dir='ltr'><strong>nimis</strong></span> <span class='ocrx_word' id='word_1_233' title='bbox 1015 3298 1110 3363; x_wconf 88' lang='lat' dir='ltr'><strong>laeta-</strong></span> 
     </span>
     <span class='ocr_line' id='line_1_35' title="bbox 106 3382 1111 3469; baseline 0.001 -20"><span class='ocrx_word' id='word_1_234' title='bbox 106 3385 171 3449; x_wconf 90' lang='lat' dir='ltr'><strong>bile</strong></span> <span class='ocrx_word' id='word_1_235' title='bbox 189 3385 229 3449; x_wconf 90' lang='lat' dir='ltr'><strong>ad</strong></span> <span class='ocrx_word' id='word_1_236' title='bbox 249 3382 450 3449; x_wconf 83' lang='lat' dir='ltr'><strong>ecferendum</strong></span> <span class='ocrx_word' id='word_1_237' title='bbox 473 3384 575 3449; x_wconf 85' lang='lat' dir='ltr'><strong>videri</strong></span> <span class='ocrx_word' id='word_1_238' title='bbox 597 3389 714 3469; x_wconf 88' lang='lat' dir='ltr'><strong>potest.</strong></span> <span class='ocrx_word' id='word_1_239' title='bbox 751 3385 835 3461; x_wconf 87' lang='lat' dir='ltr'><strong>Quid</strong></span> <span class='ocrx_word' id='word_1_240' title='bbox 858 3386 945 3449; x_wconf 92' lang='lat' dir='ltr'><strong>euim</strong></span> <span class='ocrx_word' id='word_1_241' title='bbox 969 3386 1111 3450; x_wconf 83' lang='lat' dir='ltr'><strong>videatur</strong></span> 
     </span>
     <span class='ocr_line' id='line_1_36' title="bbox 55 3470 1142 3616; baseline -0.006 -75"><span class='ocrx_word' id='word_1_242' title='bbox 55 3473 317 3616; x_wconf 52' lang='lat' dir='ltr'><strong>Quum</strong></span> <span class='ocrx_word' id='word_1_243' title='bbox 345 3470 381 3538; x_wconf 92' lang='lat' dir='ltr'><strong>in</strong></span> <span class='ocrx_word' id='word_1_244' title='bbox 407 3471 505 3539; x_wconf 85' lang='lat' dir='ltr'><strong>rebus</strong></span> <span class='ocrx_word' id='word_1_245' title='bbox 532 3473 696 3554; x_wconf 82' lang='lat' dir='ltr'><strong>humanis,</strong></span> <span class='ocrx_word' id='word_1_246' title='bbox 727 3473 778 3538; x_wconf 90' lang='lat' dir='ltr'><strong>cui</strong></span> <span class='ocrx_word' id='word_1_247' title='bbox 806 3474 983 3537; x_wconf 86' lang='lat' dir='ltr'><strong>aeternitas</strong></span> <span class='ocrx_word' id='word_1_248' title='bbox 1011 3474 1142 3539; x_wconf 77' lang='lat' dir='ltr'><strong>omnisu</strong></span> 
     </span>
    </p>
   </div>
   <div class='ocr_carea' id='block_1_6' title="bbox 0 0 1183 3876">
    <p class='ocr_par' dir='ltr' id='par_1_7' title="bbox 0 0 1183 3876">
     <span class='ocr_line' id='line_1_37' title="bbox 0 0 1183 3876; baseline 0 0"><span class='ocrx_word' id='word_1_249' title='bbox 0 0 1183 3876; x_wconf 95' lang='lat' dir='ltr'><strong> </strong></span> 
     </span>
    </p>
   </div>
  </div>
 </body>
</html>
