2356 3870
238 179 306 236 Lis.
325 180 372 234 ΠΙ.
401 179 478 236 cAP.
501 185 621 235 rs-1s.
650 185 804 244 sar-aa
962 181 1024 244 371

22 339 137 424 lacere,
165 340 217 404 cui
244 342 414 406 minimum
442 363 511 406 esse
540 343 667 406 videtur
692 343 726 407 in
753 341 814 406 hac
837 340 934 407 causa
955 344 1027 428 loci,

22 451 99 512 puae
124 433 235 493 tamen
257 429 305 493 ita
327 431 412 494 dicet
434 430 602 514 dupliciter
621 451 690 494 esse
713 434 746 493 te
764 430 931 512 iniustum,
954 454 1026 495 cum

22 520 49 581 et
80 516 223 581 alienum
252 518 398 601 adpetes,
426 519 481 602 qui
508 518 653 582 mortalis
680 521 776 582 natus
805 518 1026 583 condicionem

22 603 164 687 postules
186 605 409 670 inmortalium
433 609 466 670 et
488 607 629 690 graviter
650 604 736 670 feras
758 609 804 690 te,
828 606 913 689 quod
934 611 1025 670 uten-

22 692 94 756 dum
124 695 299 777 acceperis,
327 693 510 758 reddidisse.
560 693 753 758 Prudentiae
776 715 852 758 vero
880 694 956 778 quid
980 715 1026 758 re·
1045 707 1079 754 37

22 780 192 864 spondetis
215 781 341 845 docenti
369 783 522 846 virtutem
550 804 619 846 sese
644 803 712 847 esse
740 785 936 865 contentam,
964 804 1027 865 quo

22 867 115 934 modo
140 867 180 932 ad
203 869 284 934 bene
307 870 493 953 vivendum,
522 869 568 934 sic
591 869 689 934 etiam
713 870 752 934 ad
780 870 894 935 beate?
940 870 1027 946 Quae

22 957 45 1020 si
69 955 269 1021 extrinsecus
291 958 430 1043 religata
452 958 592 1040 pendeat
615 961 648 1022 et
669 979 735 1023 non
758 961 791 1021 et
813 959 936 1023 oriatur
955 981 974 1021 a
993 979 1026 1023 se

22 1047 50 1108 et
81 1065 193 1109 rursus
226 1044 267 1109 ad
299 1067 333 1109 se
365 1049 544 1111 revertatur
573 1050 605 1111 et
633 1046 743 1110 omnia
771 1068 829 1109 sua
859 1047 1027 1130 complexa

22 1132 98 1196 nihil
128 1136 262 1215 quaerat
290 1133 430 1217 aliunde,
457 1156 532 1199 non
549 1134 717 1218 intellege,
750 1156 806 1198 cur
832 1139 888 1198 aut
919 1136 1026 1199 verbis

22 1223 85 1284 tam
108 1220 314 1285 vehementer
341 1222 485 1286 ornanda
513 1225 569 1286 aut
595 1244 631 1286 re
653 1226 824 1306 tantopere
850 1223 1027 1305 expetenda

22 1306 185 1372 videatur?
240 1308 293 1372 Ad
325 1309 404 1373 haec
435 1310 521 1373 bona
555 1332 606 1374 me
640 1313 667 1374 si
698 1331 843 1394 revocas,
878 1310 1026 1394 Epicure,

22 1417 130 1479 pareo,
164 1417 293 1481 sequor,
330 1401 405 1461 utor
435 1401 468 1460 te
499 1398 570 1480 ipso
603 1397 695 1481 duce,
727 1398 899 1463 obliviscor
929 1399 1026 1463 etiam

22 1484 191 1566 malorum,
223 1488 260 1547 ut
291 1485 395 1563 iubes,
428 1505 528 1568 eoque
559 1485 701 1563 facilins,
734 1485 818 1568 quod
853 1508 890 1549 ea
920 1508 961 1551 ne
992 1488 1026 1551 in

22 1572 113 1636 malis
152 1572 278 1655 quidem
314 1573 462 1656 ponenda
494 1593 616 1637 censeo.
671 1569 733 1636 Sed
764 1572 905 1636 traducis
939 1576 1026 1658 cogi·

22 1660 161 1723 tationes
185 1681 273 1724 meas
298 1661 338 1724 ad
361 1661 553 1743 voluptates.
599 1658 708 1735 Quas?
732 1658 899 1743 Corporis,
924 1662 1027 1744 credo,

22 1750 74 1811 eut
111 1768 192 1831 quae
228 1750 360 1831 propter
395 1769 510 1832 corpus
547 1749 598 1812 vel
633 1747 854 1812 recordatione
885 1748 936 1811 vel
970 1771 1027 1832 spe

22 1834 210 1918 cogitentur.
260 1833 347 1899 Num
374 1835 450 1919 quid
474 1838 523 1899 est
545 1834 654 1900 aliud?
685 1838 811 1899 rectene
834 1836 1028 1919 interpretor

22 1923 215 1986 sententiam
246 1923 359 1987 tuam?
412 1922 525 1989 Solent
552 1924 636 1987 enim
668 1924 723 1987 isti
749 1943 866 2007 negare
894 1946 952 1988 nos
980 1924 1026 1987 in·

22 2010 185 2095 tellegere,
209 2010 285 2093 quid
308 2011 394 2076 dicat
415 2010 584 2095 Epicurus.
624 2011 696 2077 Hoc
720 2011 810 2095 dicit,
834 2014 866 2075 et
887 2011 950 2076 hoc
972 2012 1026 2076 ille
1046 2032 1079 2080 38

22 2098 176 2162 acriculus
205 2119 256 2160 me
285 2099 433 2162 audiente
465 2100 603 2163 Athenis
638 2121 734 2164 senex
761 2099 860 2183 Zeno,
891 2099 1028 2165 istorum

22 2185 240 2269 acutissimus,
264 2187 454 2250 contendere
476 2190 509 2250 et
526 2208 645 2272 magna
667 2209 744 2253 voce
768 2187 871 2252 dicere
894 2187 1028 2272 solebat,

22 2294 93 2337 eum
112 2294 182 2337 esse
200 2274 340 2357 beatum,
359 2276 413 2358 qui
431 2276 656 2358 praesentibus
670 2276 894 2357 voluptatibus
908 2275 1028 2340 fruere-

22 2364 72 2424 tur
105 2361 340 2445 confideretque
373 2383 407 2427 se
438 2362 612 2426 fruiturum
645 2365 701 2425 aut
727 2363 762 2426 in
785 2364 877 2426 omni
905 2367 962 2427 aut
993 2365 1028 2429 in

22 2469 139 2533 magna
168 2453 260 2532 parte
290 2450 376 2514 vitae
406 2450 515 2514 dolore
545 2471 610 2514 non
640 2449 870 2513 interveniente
901 2455 969 2534 aut,
1000 2453 1028 2515 si

22 2536 241 2621 interveniret,
275 2538 303 2600 si
330 2559 473 2602 summus
499 2537 597 2622 foret,
628 2538 771 2602 futurum
804 2537 945 2621 brevem,
978 2539 1028 2603 sin

22 2624 218 2708 productior,
247 2625 320 2707 plus
343 2625 531 2690 habiturum
554 2626 685 2689 iucundi
708 2647 805 2709 quam
828 2625 918 2708 mali,
946 2625 1027 2690 haec

22 2712 217 2796 cogitantem
244 2713 314 2776 fore
341 2713 485 2795 beatum,
512 2714 702 2797 praesertim
732 2716 761 2778 si
790 2715 823 2776 et
853 2716 927 2776 ante
957 2735 1026 2797 per·

22 2800 120 2882 ceptis
148 2799 243 2863 bonis
272 2803 440 2865 contentus
464 2805 549 2864 esset
575 2806 603 2866 et
627 2823 687 2865 nec
710 2804 848 2866 mortem
869 2822 928 2865 nec
951 2802 1027 2867 deos

22 2888 251 2951 extimesceret.
308 2887 418 2952 Habes
454 2888 594 2953 formam
629 2888 763 2972 Epicuri
798 2889 882 2953 vitae
915 2888 1028 2954 beatae

22 2975 126 3040 verbis
150 2974 287 3039 Zenonis
312 2997 510 3060 expressam,
531 2975 613 3040 nihil
637 2981 673 3040 ut
694 2977 800 3060 possit
821 2978 943 3062 negari.
1040 3027 1079 3090 ,8

85 3061 169 3137 Quid
197 3062 296 3147 ergo?
323 3064 458 3128 huiusne
485 3064 572 3128 vitae
599 3065 781 3147 propositio
808 3068 841 3129 et
871 3065 1025 3149 cogitatio
1045 3104 1079 3152 39

22 3154 74 3215 aut
94 3150 269 3233 Thyestem
288 3151 394 3216 levare
413 3152 534 3235 poterit
552 3156 608 3216 aut
625 3154 771 3235 Aeetam,
790 3152 829 3216 de
849 3174 910 3236 quo
930 3153 1026 3236 paulo

22 3242 92 3302 ante
121 3237 201 3322 dixi,
230 3243 286 3303 aut
312 3239 521 3304 Telamonem
547 3239 676 3322 pulsum
707 3240 815 3323 patria
845 3241 1026 3305 exulantem

22 3330 114 3411 atque
139 3326 309 3411 egentem?
331 3328 364 3391 in
388 3350 450 3411 quo
473 3327 553 3392 haec
577 3327 747 3393 admiratio
771 3328 883 3391 fiebat:

82 3413 222 3480 Hicine
246 3417 305 3479 est
326 3415 392 3479 ille
416 3414 613 3499 Telamon,
636 3416 745 3481 modo
770 3436 875 3500 quem
899 3417 1027 3501 gloria

545 3504 589 3567 ad
613 3504 759 3569 caelum
783 3504 937 3589 extulit,

806 3607 860 3660 24*
