2346 3876
75 163 95 226 6
217 221 220 225 ,
293 157 583 214 AOADEMIOORUM
600 157 861 213 POSTERIORUM

74 325 175 405 negat
187 321 344 404 Epicurus
359 321 473 386 sosine
491 320 713 402 voluptatibus
728 343 860 386 sensum
876 324 1092 389 moventibus

73 432 115 475 ne
130 410 284 493 suspicari
301 407 447 493 quidem);
467 409 493 472 si
506 429 582 471 vero
596 406 806 473 Academiam
819 411 967 475 veterem
981 434 1094 495 perse·

75 519 222 582 quamur,
249 519 345 581 quam
370 519 445 580 nos,
471 499 508 560 ut
534 495 608 578 scis,
636 497 826 581 probamus,
859 520 959 581 quam
983 504 1094 566 erunt

75 587 239 651 illa'acute
254 584 443 668 explicanda
455 583 561 647 nobis!
581 586 676 666 quam
692 590 815 668 argute,
835 608 935 669 quam
949 587 1093 653 obscure

76 674 175 738 etiam
193 678 306 739 contra
324 672 449 737 Stoicos
473 671 706 736 disserendum!
743 672 862 737 Totum
880 675 986 758 igitur
1005 677 1092 741 illud
1107 702 1120 740 5

75 761 300 846 philosophiae
328 761 469 825 studium
496 757 576 822 mihi
604 760 732 842 quidem
758 761 829 843 ipse
857 784 951 826 sumo
984 767 1020 827 et
1050 765 1094 828 ad

74 850 161 914 vitae
189 849 419 931 constantiam,
451 849 606 931 quantum
632 869 777 932 possum,
808 852 841 914 et
873 850 914 913 ad
948 851 1094 917 delecta·

76 938 198 1004 tionem
226 937 325 1001 animi
350 958 409 1000 nec
435 935 537 1000 ullum
560 935 712 1018 arbitror,
739 940 777 1000 ut
806 937 892 1019 apud
914 937 1094 1005 Platonem

78 1028 139 1108 est,
167 1025 271 1089 maius
300 1027 356 1088 aut
382 1023 495 1088 melius
524 1044 543 1085 a
575 1022 624 1087 dis
656 1023 767 1087 datum
800 1024 917 1089 munus
951 1026 1093 1093 homini.

42 1128 58 1176 8
78 1112 139 1178 Sed
157 1134 245 1177 meos
265 1113 397 1194 amicos,
419 1111 454 1175 in
476 1111 592 1194 quibus
612 1114 662 1174 est
682 1111 838 1195 studium,
861 1114 895 1177 in
915 1113 1093 1180 Graeciam
1108 1143 1134 1182 ιο

77 1201 171 1266 mitto
197 1201 243 1280 [id
266 1203 316 1263 est
338 1200 377 1263 ad
398 1198 537 1263 Graecos
559 1200 606 1262 ire
628 1199 753 1281 iubeo],
776 1205 813 1265 ut
836 1223 874 1264 ea
897 1224 914 1264 e
938 1202 1094 1270 fontibus

77 1289 185 1373 potius
203 1288 355 1352 hauriant
374 1307 471 1370 quam
484 1286 606 1350 rivulos
621 1291 860 1371 consectentur,
879 1312 963 1373 quae
978 1295 1094 1358 autem

77 1398 173 1440 nemo
206 1374 309 1439 adhue
341 1375 493 1438 docuerat
523 1395 581 1438 neo
613 1377 682 1437 erat
712 1376 795 1442 unde
832 1377 972 1442 studiosi
1006 1381 1092 1445 scire

77 1467 221 1549 possent,
252 1484 303 1546 ea,
335 1464 489 1545 quantum
521 1462 613 1544 potui
644 1459 741 1547 (nihil
772 1464 859 1527 enim
886 1486 1093 1551 magnopere

79 1574 223 1617 meorum
241 1546 367 1633 miror),
389 1549 452 1614 feci
469 1553 508 1614 ut
529 1552 635 1614 essent
657 1553 736 1614 nota
756 1552 890 1634 nostris,
915 1575 935 1616 a
953 1552 1092 1621 Graecis
1108 1582 1133 1622 15

79 1641 165 1706 enim
183 1641 251 1724 peti
264 1661 330 1704 non
345 1641 497 1720 poterant
515 1660 552 1702 ac
570 1640 646 1719 post
658 1636 692 1701 L.
707 1637 792 1702 Aelii
810 1641 916 1704 nostri
935 1663 1093 1709 occasum

78 1750 119 1794 nc
151 1752 172 1794 a
201 1727 326 1792 Latinis
358 1725 494 1809 quidem.
547 1725 592 1789 Et
622 1728 733 1789 tamen
764 1727 799 1789 in
826 1727 892 1791 illis
920 1731 1092 1797 veteribus

78 1818 214 1900 nostris,
250 1835 332 1898 quae
367 1812 556 1896 Menippum
588 1812 720 1896 imitati,
760 1835 827 1878 non
871 1816 1093 1903 interpretati,

80 1904 217 1988 quadam
248 1901 412 1966 hilaritate
445 1900 693 1984 conspersimus,
725 1901 829 1966 multa
865 1904 1012 1970 admixta
1051 1931 1092 1973 ex

80 1993 197 2056 intima
218 1988 439 2074 philosophia,
467 1988 570 2052 multa
596 1987 682 2052 dicta
708 1989 886 2075 dialectice3
918 2015 1001 2076 quae
1025 2017 1093 2079 quo
1107 2022 1133 2060 ao

79 2080 207 2144 facilius
231 2077 335 2142 minus
359 2076 447 2141 docti
465 2077 702 2160 intellegerent,
724 2078 922 2143 iucunditate
947 2083 1093 2165 quadam

81 2168 121 2233 ad
139 2168 311 2252 legendum
330 2164 525 2248 invitati...;
549 2165 583 2228 in
606 2164 860 2250 laudationibus,
883 2168 918 2230 in
935 2168 987 2232 his
1007 2171 1091 2254 ipsis

81 2256 311 2340 antiquitatum
319 2252 735 2336 prooemiis†philosophie
765 2255 905 2319 scribere
918 2258 1094 2344 voluimus,

82 2346 110 2409 si
133 2345 229 2409 modo
252 2341 417 2407 consecuti
439 2363 558 2405 sumus.

47 2404 78 2529 {a
147 2431 230 2498 Tum
252 2451 326 2516 ego:
358 2427 460 2513 Sunt,
484 2429 631 2512 inquam,
657 2429 736 2511 ista,
758 2429 874 2496 Varro.
918 2431 1005 2497 Nam
1029 2456 1092 2502 nos
1107 2461 1133 2500 25

82 2522 117 2585 in
129 2525 241 2586 nostra
254 2521 333 2585 urbe
347 2517 582 2603 peregrinantis
592 2517 791 2601 errantisque
800 2521 968 2602 tamquam
978 2521 1093 2606 hospi·

82 2613 131 2673 tes
158 2611 206 2675 tui
236 2609 313 2675 libri
344 2607 436 2691 quasi
463 2606 592 2670 domum
619 2605 826 2689 reduxerunt,
854 2610 892 2670 ut
917 2630 1092 2691 possemus

83 2698 269 2781 aliquando,
288 2697 342 2781 qui
360 2699 392 2760 et
409 2694 468 2759 ubi
485 2715 636 2777 essemus,
659 2713 841 2776 agnoscere.
878 2694 928 2758 Tu
947 2701 1093 2764 aetatem

83 2786 220 2870 patriae,
242 2788 278 2850 tu
302 2783 525 2867 discriptiones
545 2784 739 2865 temporum,
761 2785 799 2845 tu
822 2803 987 2848 sacrorum
1009 2786 1094 2871 iura,

83 2880 120 2940 tu
147 2873 361 2958 sacerdotum,
387 2875 423 2936 tu
450 2871 670 2952 domesticam,
702 2873 739 2933 tu
765 2870 913 2934 bellicam
946 2870 1092 2956 discipli·
1108 2900 1135 2939 so

83 2984 172 3044 nam,
195 2966 231 3026 tu
253 2962 360 3026 sedem
382 2960 565 3046 regionum,
591 2960 750 3040 locorum,
777 2961 814 3021 tu
837 2959 981 3024 omnium
1009 2962 1093 3027 divi·

83 3072 198 3114 narum
215 3050 488 3134 humanarumque
511 3070 618 3113 rerum
639 3045 784 3125 nomina,
812 3066 944 3129 genera,
973 3047 1094 3132 officia,

85 3159 197 3203 causas
234 3138 390 3222 aperuisti
428 3138 664 3224 plurimumque
700 3133 784 3197 idem
824 3135 930 3216 potitis
967 3139 1094 3203 nostris

35 3303 38 3308 .
85 3227 277 3312 omninoque
294 3227 418 3294 Latinis
438 3231 470 3293 et
487 3226 604 3292 litteris
623 3222 754 3288 luminis
774 3224 807 3284 et
823 3221 930 3285 verbis
949 3225 1095 3292 attulisti

86 3316 181 3397 atque
199 3316 268 3401 ipse
286 3319 411 3384 varium
429 3322 462 3383 et
481 3317 610 3401 elegans
629 3311 716 3377 omni
737 3309 803 3373 fere
822 3331 955 3374 numero
974 3317 1094 3394 poema
1109 3339 1136 3379 as

84 3400 189 3468 fecisti
211 3405 512 3492 philosophiamque
535 3402 646 3469 multis
668 3398 748 3464 locis
771 3396 945 3482 inchoasti,
969 3400 1010 3464 ad
1033 3402 1095 3467 im·

26 3507 66 3553 ro
74 3489 267 3568 pellendum
285 3498 375 3579 satis,
394 3498 434 3564 ad
451 3491 648 3563 edocendum
665 3508 788 3573 parum.
823 3483 969 3550 Causam
982 3493 1096 3555 autem

64 3610 102 3640 h..
