2346 3876
174 172 444 230 ARGUMENTUM.
472 175 538 231 ΜΒ.
557 176 578 229 1.
607 175 684 230 cAP.
705 183 733 244 1,
751 183 776 230 2.
803 183 818 242 s
840 184 924 232 1-5.
990 175 1054 241 279

44 335 186 401 Graecia
207 357 311 420 neque
334 337 401 401 ulla
423 357 496 402 cum
519 340 616 422 gente
634 341 709 402 sunt
729 337 929 403 conferenda.
966 339 1056 415 Quae

46 425 133 488 enim
152 427 246 488 tanta
264 425 419 507 gravitas,
437 447 518 509 quae
536 429 629 490 tante
649 426 841 509 constantia,
864 427 1054 512 magnitudo

45 512 162 594 animi,
190 512 350 597 probitas,
376 513 468 594 fides,
501 534 583 597 quae
614 517 682 577 tam
712 515 869 579 excellens
900 515 935 578 in
967 517 1055 579 omni

46 620 164 684 genere
183 600 286 664 virtus
303 601 338 665 in
356 599 433 666 ullis
451 601 522 680 fuit,
541 604 578 665 ut
596 600 640 665 sit
653 623 725 666 cum
742 603 917 667 maioribus
931 605 1053 668 nostris

47 687 286 772 comparanda?
330 687 487 755 Doctrina
509 687 645 754 Graecia
671 711 730 754 nos
758 693 791 754 et
814 690 903 755 omni
932 691 1089 755 littera-3

47 797 118 840 rum
143 795 261 860 genere
284 777 472 859 superabat3
494 777 530 841 in
554 799 616 862 quo
635 781 705 841 erat
727 770 823 841 facile
842 779 970 842 vincere
988 801 1055 844 non

47 867 274 948 repugnantes.
317 862 404 929 Nam
425 887 498 929 cum
521 865 607 948 apud
631 863 769 929 Graecos
794 867 1054 950 antiquissimum

48 951 192 1016 edoctis
219 972 321 1036 genus
349 953 393 1016 sit
419 957 601 1036 po'e'tarum,
628 953 787 1037 siquidem
809 953 970 1019 Homerus
992 955 1055 1019 fuit

48 1042 78 1103 et
118 1038 282 1104 Hesiodus
324 1043 398 1104 ante
437 1040 576 1106 Romam
617 1041 798 1125 conditam,
839 1041 1053 1107 Archilochus

34 1130 204 1212 ·regnante
240 1127 392 1211 Romulo,
434 1129 537 1194 serius
573 1130 732 1213 poeticam
767 1151 828 1195 nos
865 1131 1054 1215 accepimus.

48 1215 151 1280 Annis
173 1213 242 1279 fere
264 1233 314 1279 nx
335 1221 410 1299 post
432 1216 571 1281 Romam
594 1218 757 1282 conditam
776 1217 888 1283 Livius
910 1220 1055 1285 fabulam

48 1301 134 1369 dedit
165 1299 200 1368 G.
223 1301 371 1386 Claudio,
394 1303 489 1370 Caeci
511 1304 593 1387 filio,
618 1304 661 1370 M.
684 1304 845 1371 Tuditano
868 1309 1053 1372 consulibus

49 1413 134 1455 anno
158 1393 235 1455 ante
257 1394 369 1456 natum
393 1392 536 1456 Ennium
559 1393 629 1477 [qui
651 1392 714 1457 fuit
732 1394 836 1459 maior
853 1399 934 1459 natu
957 1419 1054 1479 quam

48 1477 183 1543 Plautus
202 1482 235 1543 et
251 1478 418 1560 Naevius].
457 1479 535 1544 Sero
557 1481 658 1565 igitur
681 1503 700 1544 a
722 1482 842 1545 nostris
865 1487 979 1565 poetae
1002 1483 1054 1548 vel
1073 1487 1093 1548 2

34 1567 188 1651 ‚cogniti
204 1567 256 1631 vel
287 1569 415 1651 recepti.
474 1568 676 1652 Quamquam
712 1572 762 1632 est
797 1569 833 1632 in
867 1569 1054 1654 Originibus

49 1654 163 1720 solitos
188 1674 258 1718 esse
281 1655 315 1719 in
337 1656 441 1739 epulis
460 1677 574 1720 canere
593 1657 744 1721 convivas
764 1656 805 1720 ad
826 1656 992 1723 tibicinem
1016 1659 1054 1723 de

49 1742 210 1807 clarorum
236 1742 404 1808 hominum
431 1744 619 1827 virtutibus,
650 1744 807 1808 honorem
838 1747 949 1809 tamen
979 1745 1055 1811 huic

48 1831 158 1914 generi
189 1851 256 1894 non
290 1832 389 1895 fuisse
426 1832 568 1897 declarat
606 1832 711 1897 oratio
746 1831 893 1911 Catonis,
925 1834 960 1898 in
991 1856 1055 1918 qua

49 1919 167 1983 obiecit
198 1922 236 1982 ut
265 1920 420 2002 probrum
452 1919 495 1985 M.
527 1920 704 2003 Nobiliori,
740 1920 826 2004 quod
857 1921 886 1984 is
918 1921 952 1986 in
983 1945 1055 2006 pro·

34 2007 188 2071 *vinciam
209 2010 323 2089 politas
346 2007 503 2091 duxisset3
527 2008 662 2072 duxerat
681 2013 790 2073 autem
809 2010 919 2074 consul
941 2009 997 2074 ille
1019 2011 1055 2075 in

49 2094 227 2176 Aetoliam,
250 2098 287 2159 ut
310 2095 442 2180 scimus,
464 2095 615 2160 Ennium.
652 2095 721 2173 Quo
746 2097 851 2162 minus
874 2098 976 2182 igitur
997 2098 1054 2163 ho·

48 2182 135 2246 noris
156 2184 226 2246 erat
243 2184 358 2265 poetis,
377 2205 414 2247 eo
432 2185 560 2248 minora
578 2185 686 2249 studia
703 2184 843 2267 fuerunt,
861 2207 919 2250 uec
936 2189 1055 2270 tamen,

49 2270 76 2334 si
102 2270 160 2354 qui
188 2270 314 2354 magnis
341 2271 482 2355 ingeniis
509 2272 544 2335 in
572 2293 609 2337 eo
633 2292 749 2357 genere
771 2274 959 2357 extiterunt,
988 2297 1055 2340 non

49 2357 129 2422 satis
154 2354 350 2422 Graecorum
373 2359 497 2442 gloriae
518 2361 763 2442 responderunt.
802 2360 857 2424 An
879 2383 1055 2443 censemus,
1073 2373 1090 2419 4

34 2447 75 2509 ,εἰ
93 2444 211 2528 Fabio,
231 2446 434 2511 nobilissimo
452 2446 591 2529 homini,
612 2447 700 2511 laudi
719 2447 829 2511 datum
849 2451 946 2531 esset,
970 2450 1054 2532 quod

47 2534 208 2618 pingeret,
231 2554 298 2598 non
319 2534 440 2599 multos
465 2535 564 2599 etiam
583 2534 667 2619 apud
689 2557 748 2598 nos
771 2535 898 2600 futuros
916 2536 1055 2618 Polycli-

46 2625 97 2686 tos
123 2625 157 2685 et
178 2620 369 2686 Parrhasios
392 2622 514 2686 fuisse?
550 2621 664 2687 Honos
682 2623 741 2686 alit
759 2626 858 2705 artes,
881 2644 1055 2707 omnesque

47 2709 262 2774 incenduntur
294 2709 335 2774 ad
363 2710 469 2775 studia
501 2711 618 2794 gloria,
648 2711 818 2794 iacentque
850 2732 888 2774 ea
921 2733 1054 2795 semper,

47 2818 128 2881 quae
153 2796 238 2880 apud
261 2818 405 2883 quosque
431 2799 664 2881 improbantur.
715 2796 886 2865 Summam¹
903 2800 1056 2865 eruditio-

34 2906 122 2950 rnem
151 2883 266 2949 Graeci
293 2885 391 2950 sitam
418 2887 593 2950 censebant
619 2887 655 2950 in
676 2908 849 2951 nervorum
877 2909 1055 2973 vocumque

46 2973 212 3055 cantibus,
230 2973 331 3056 igitur
350 2978 383 3038 et
399 2973 657 3058 Epaminondas,
680 2974 829 3058 princeps
848 2997 919 3040 meo
938 2977 1054 3043 iudicio

47 3060 218 3143 Graeciae,
244 3061 361 3126 fidibus
388 3063 554 3145 praeclare
586 3062 739 3127 cecinisse
769 3063 899 3146 dicitur,
927 3063 1054 3129 Themi-

47 3150 230 3233 stoclesque
253 3149 376 3232 aliquot
396 3154 472 3214 ante
496 3172 597 3214 annos
620 3171 693 3214 cum
716 3151 750 3215 in
768 3146 870 3235 epulis
893 3156 1056 3216 recusaret

47 3238 169 3322 lyram,
193 3240 243 3301 est
264 3237 395 3303 habitus
417 3237 586 3304 indoctior.
622 3238 711 3323 Ergo
734 3240 769 3302 in
788 3238 922 3304 Graecia
940 3240 1062 3305 musici.

47 3327 238 3409 floruerunt,
260 3325 488 3410 discebantque
511 3326 544 3390 id
563 3348 687 3409 omnes,
709 3349 780 3410 nec,
803 3327 860 3409 qui
882 3327 1056 3410 nesciebat,

47 3414 130 3479 satis
157 3414 302 3478 excultus
331 3414 478 3479 doctrina
507 3415 692 3497 putabatur.
742 3413 782 3478 In
813 3435 938 3477 summo
972 3413 1056 3497 apud
1075 3423 1093 3473 o
1113 3440 1125 3497 ,l

47 3502 122 3568 illos
145 3501 269 3567 honore
292 3503 470 3586 geometria
491 3501 567 3582 fuit,
589 3502 699 3587 itaque
717 3501 800 3565 nihil
818 3501 1056 3568 mathematicis
