2346 3876
269 191 335 245 mn.
355 191 388 246 v.
417 190 636 248 cAP.1o-1a.
665 195 821 256 sao-as.
910 173 914 178 ’
987 192 1052 257 437

43 352 193 435 pateticis
216 351 342 416 dicere?
387 351 468 416 Rem
492 352 578 416 enim
602 353 717 436 opinor
737 352 876 436 spectari
897 358 1054 438 oportere,

42 461 108 504 uon
132 441 240 504 verba.
316 469 318 473 ·

109 528 158 592 M.
182 527 230 591 Tu
257 527 384 612 quidem
412 528 543 592 tabellis
567 529 750 613 obsignatis
778 530 849 614 agis
872 550 998 594 mecum
1022 534 1055 594 et
1072 541 1106 590 33

41 617 244 698 testificaris,
282 615 357 699 quid
391 615 526 680 dixerim
559 617 731 700 aliquando
770 621 826 682 aut
862 617 1054 701 scripserim.

42 702 125 769 Cum
145 704 218 768 aliis
241 704 306 767 isto
325 704 434 786 modo,
457 705 512 788 qui
535 705 662 788 legibus
686 705 849 789 impositis
873 705 1054 789 disputaut3

40 814 102 857 nos
121 793 157 855 in
177 791 261 855 diem
280 791 433 875 vivimus,
452 792 674 876 quodcumque
688 797 818 861 nostros
838 794 962 858 animos
980 815 1053 877 pro·
1094 865 1096 869 ,

42 880 213 944 habilitate
244 880 416 963 percussit,
452 879 486 944 id
518 879 668 964 dicimus,
704 882 814 964 itaque
848 882 911 945 soli
943 903 1053 945 sumus

40 969 145 1032 liberi.
195 966 315 1032 Verum
342 971 465 1050 tamen,
494 968 647 1051 quoniam
675 969 714 1033 de
743 970 927 1033 constantia
955 970 1053 1052 paulo

43 1060 118 1120 ante
143 1055 297 1138 diximus,
320 1077 386 1120 non
406 1076 466 1139 ego
489 1055 645 1120 hocloco
669 1057 703 1120 id
725 1056 942 1140 quaerendum
965 1061 1054 1141 puto,

42 1164 195 1208 verumne
233 1144 289 1224 sit,
328 1144 413 1228 quod
450 1143 571 1208 Zenoni
607 1145 765 1227 placuerit
801 1145 947 1228 quodque
985 1146 1053 1232 eius

43 1232 184 1296 auditori
208 1231 369 1314 Aristoni,
397 1231 518 1296 bonum
542 1252 610 1296 esse
633 1234 751 1315 solum,
775 1234 860 1316 quod
882 1231 1055 1298 honestum

44 1324 142 1396 esset,
171 1319 238 1396 sed,
268 1320 295 1382 si
323 1320 369 1383 ita
396 1322 495 1409 esset,
522 1323 543 1400 †
569 1324 640 1384 tum
666 1327 703 1385 ut
732 1324 838 1384 totum
867 1321 929 1387 hoc
960 1322 1055 1386 beate

42 1409 151 1471 vivere
173 1407 208 1470 in
226 1429 292 1471 una
309 1408 427 1472 virtute
445 1412 589 1490 poneret.
627 1407 733 1484 Quare
757 1408 867 1472 demus
890 1409 953 1473 hoc
976 1431 1053 1474 sane
1072 1420 1106 1469 34

42 1495 162 1577 Bruto,
185 1498 222 1558 ut
244 1495 288 1558 sit
310 1496 425 1559 beatus
449 1516 575 1577 semper
603 1497 745 1580 sapiens,
774 1518 869 1579 quam
894 1497 956 1560 sibi
979 1519 1054 1562 con-

43 1585 167 1666 veniat,
199 1584 268 1665 ipse
301 1583 428 1666 viderit3
461 1583 566 1668 gloria
594 1583 722 1667 quidem
750 1583 845 1648 huius
878 1585 1054 1648 sententiae

43 1672 116 1755 quis
142 1675 191 1734 est
214 1671 272 1735 illo
296 1672 366 1735 viro
390 1671 540 1756 dignior?
581 1671 651 1737 Nos
675 1675 785 1736 tamen
808 1675 988 1755 teneamus,
1018 1675 1055 1737 ut

43 1761 89 1824 sit
111 1759 195 1822 idem
218 1759 434 1823 beatissimus.

110 1846 168 1929 Et,
196 1848 223 1910 si
252 1847 336 1912 Zeno
365 1845 501 1930 Citieus,
531 1847 653 1912 advena
681 1847 810 1931 quidam
838 1851 871 1911 et
897 1847 1051 1932 ignobilis
1064 1853 1105 1915 12

42 1935 216 2001 verborum
248 1934 369 2018 opifex,
405 1936 587 1999 insinuasse
617 1957 651 1998 se
683 1937 718 1999 in
750 1939 916 2019 antiquam
947 1935 1053 2019 philo·

44 2023 195 2106 sophiam
217 2023 357 2107 ridetur,
379 2023 476 2088 huius
500 2021 679 2088 sententiae
703 2024 846 2108 gravitas
870 2046 889 2088 a
908 2023 1053 2088 Platonis

44 2111 235 2176 auctoritate
263 2115 441 2196 repetatur,
467 2111 557 2194 ’apud
588 2133 684 2194 quem
713 2133 808 2196 saepe
836 2112 916 2176 haec
948 2113 1053 2176 oratio

43 2202 204 2282 usurpata
218 2203 275 2281 est,
294 2205 330 2262 ut
342 2199 425 2263 nihil
443 2202 570 2282 praeter
583 2201 735 2264 virtutem
752 2200 910 2265 diceretur
924 2201 1054 2265 bouum.

42 2287 145 2350 Velut
167 2287 201 2350 iu
221 2286 342 2372 Gorgia
360 2285 524 2369 Socrates,
547 2309 619 2351 cum
639 2292 724 2352 esset
743 2309 781 2352 ex
801 2311 838 2353 eo
861 2289 1053 2372 quaesitum,

42 2375 253 2457 Archelaum,
276 2375 446 2439 Perdiccae
469 2375 585 2457 filium,
608 2375 661 2457 qui
685 2379 755 2438 tum
777 2375 1052 2441 fortunatissimus

43 2462 231 2547 haberetur,
250 2484 355 2527 nonne
373 2464 504 2527 beatum
522 2465 666 2545 putaret,
688 2461 796 2526 Haud
816 2463 909 2541 scic,
934 2463 1053 2547 inquit3
1070 2482 1104 2531 35

42 2573 247 2633 numquam
271 2551 368 2614 enim
391 2573 471 2615 cum
496 2572 537 2614 eo
565 2550 792 2614 conlocutus
812 2572 899 2614 sum.
920 2586 958 2596 -
979 2550 1052 2614 Ain

43 2637 108 2702 tul
136 2639 255 2702 aliter
282 2639 320 2702 id
344 2639 443 2703 scire
466 2661 540 2703 non
567 2637 697 2721 potes?
722 2674 760 2684 -
789 2637 907 2703 Nullo
934 2638 1053 2703 modo.

45 2759 87 2772 -—
125 2725 177 2789 Tu
215 2726 337 2810 igitur
372 2749 417 2790 ne
454 2727 496 2791 de
531 2724 731 2789 Persarum
774 2726 924 2808 quidem
963 2747 1053 2811 rege

43 2834 182 2898 magno
209 2818 318 2896 potes
346 2813 486 2897 dicere,
513 2815 701 2878 beatusne
729 2813 803 2877 sit?
830 2848 872 2860 —
903 2813 960 2878 An
983 2835 1051 2898 ego

42 2902 203 2985 possim,
231 2923 311 2966 cum
338 2902 523 2986 ignorem,
552 2923 661 2986 quam
690 2901 742 2964 sit
765 2902 913 2985 doctus,
942 2923 1052 2986 quam

42 2987 103 3053 vir
125 2989 269 3053 bonus?
289 3026 330 3034 —
354 2989 472 3066 Quid?
495 2994 536 3054 tu
558 2991 597 3053 in
620 3010 662 3053 eo
686 2990 800 3054 sitam
822 2990 942 3054 vitam
964 2991 1051 3054 bea·

42 3080 119 3141 tam
137 3077 275 3160 putas?
294 3113 335 3122 —
354 3077 415 3142 Ita
432 3099 590 3160 prorsus
611 3077 806 3160 existimo,
824 3078 944 3142 bonos
962 3079 1051 3141 bea·

42 3169 117 3248 tos,
147 3165 343 3247 improbos
371 3166 542 3231 miseros.
575 3201 612 3211 -
643 3162 761 3229 Miser
790 3186 879 3249 ergo
912 3163 1051 3230 Arche-

42 3252 150 3318 laus?
174 3289 216 3300 -
240 3250 365 3337 Certe,
393 3254 426 3318 si
452 3254 631 3317 iniustus.
655 3289 696 3298 —
721 3251 898 3317 Videtume
923 3274 1051 3316 omnem

42 3341 97 3404 hic
118 3341 247 3405 beatam
266 3341 367 3405 vitam
390 3342 425 3405 in
447 3363 511 3405 una
528 3342 650 3406 virtute
668 3339 810 3424 ponere?
847 3339 930 3415 Quid
951 3337 1050 3405 vero?
1067 3355 1104 3425 aa

42 3429 78 3493 in
109 3428 287 3512 Epitaphio
320 3450 384 3513 quo
416 3429 511 3494 modo
543 3428 650 3494 idem?
707 3426 816 3492 ‘Nam
849 3427 909 3492 cui
941 3424 1052 3510 viro',
1099 3430 1104 3465 '-

41 3517 161 3601 inquit,
195 3516 254 3580 ‘ex
286 3537 324 3581 se
356 3517 440 3600 ipso
472 3513 684 3602 apta‘sunt
716 3517 860 3599 omnia,
883 3537 982 3596 duae
1007 3514 1060 3576 ud
