2346 3876
126 181 191 246 112
290 180 339 234 DE
358 177 503 235 FINIBUS
520 177 702 235 BONORUM
718 178 766 234 ET
784 177 968 244 MALORUM

124 343 214 420 Quae
241 346 351 407 autem
378 345 471 406 tanta
498 363 538 406 ex
564 341 721 425 improbis
748 340 844 406 faotis
872 340 913 404 ad
945 341 1137 406 minuendas

123 433 211 497 vitae
233 430 398 495 molestias
423 430 564 495 accessio
582 432 690 513 potest
707 429 791 513 fieri,
813 432 935 514 quanta
958 429 1000 495 ad
1018 451 1136 516 augen-

125 520 195 603 das,
227 540 299 584 oum
332 518 530 583 conscientia
565 516 742 602 factorum,
777 521 847 581 tum
883 538 989 601 poena
1024 518 1136 602 legum

124 608 261 693 odioque
289 604 429 671 oinium?
478 605 523 671 Et
549 608 661 670 tamen
682 607 717 669 in
739 605 933 688 quibusdam
954 628 1061 690 neque
1083 628 1136 691 pe-

124 696 237 760 anniae
268 694 382 760 modus
414 698 464 759 est
494 715 597 778 neque
628 693 761 759 honoris
789 715 892 777 neque
918 695 1050 778 imperii
1079 716 1158 760 neos

123 784 294 848 libidinum
321 804 380 848 neo
407 782 575 866 epularum
601 802 662 846 neo
688 782 884 866 reliquarum
912 783 1136 868 cupiditatum,

124 894 207 955 quas
232 871 322 936 nulla
339 870 469 954 praeda
495 891 648 954 umquam
676 871 823 954 improbe
849 874 945 954 parta
970 872 1137 938 minnitet

124 960 233 1043 potius
253 959 448 1043 inflammat,
469 961 507 1022 ut
526 958 693 1023 coemendi
711 959 815 1043 magis
839 980 937 1042 quarn
960 959 1135 1025 dedocendi

72 1069 106 1116 aa
126 1069 196 1113 esse
222 1047 400 1112 videantur.
449 1042 571 1111 Invitat
598 1047 698 1132 igitur
725 1068 802 1112 vera
822 1047 906 1111 ratio
934 1047 1016 1112 bene
1041 1069 1134 1114 sanos

126 1136 166 1200 ad
191 1135 366 1218 iustitiam,
393 1135 602 1218 aequitatem,
630 1135 737 1201 fidem.
784 1133 898 1219 Neque
930 1134 1059 1201 homini
1090 1137 1166 1202 inu

125 1224 209 1287 fanti
237 1226 294 1288 aut
320 1223 491 1306 impotenti
517 1223 637 1287 iniuste
666 1222 755 1287 faeta
776 1223 973 1307 conducunt,
999 1225 1056 1309 qui
1078 1245 1134 1290 neo

125 1311 220 1376 faoile
248 1311 373 1376 efficere
399 1311 518 1394 possit,
546 1311 631 1394 quod
659 1315 807 1395 conetur,
833 1333 892 1377 nee
919 1312 1081 1396 obtinere,
1107 1312 1133 1378 ai

126 1399 280 1484 effecerit,
306 1401 340 1464 et
367 1420 445 1482 opes
471 1400 523 1464 vel
545 1398 694 1465 fortunae
721 1400 772 1464 vel
794 1400 917 1484 ingenii
944 1400 1133 1466 liberalitati

125 1487 232 1572 magis
264 1488 471 1573 conveniunt,
504 1509 567 1572 qua
603 1489 659 1572 qui
691 1490 839 1571 utuntur,
880 1487 1131 1554 benivolentiam

126 1575 190 1641 sibi
213 1576 386 1640 conciliant
402 1579 454 1660 -et,
481 1575 566 1659 quod
589 1577 795 1659 aptissimum
820 1578 871 1640 est
893 1576 934 1641 ad
958 1577 1067 1661 quiete
1088 1577 1167 1642 vi-rs

125 1664 277 1748 rendum,
305 1664 487 1747 caritatem,
514 1665 704 1746 praesertim
727 1685 800 1728 oum
825 1664 956 1730 omnino
979 1666 1071 1730 nulla
1092 1665 1132 1730 sit

73 1773 107 1821 53
127 1774 224 1818 eausa
246 1752 410 1836 peccandi.
455 1751 545 1827 Quae
569 1753 654 1816 enim
676 1752 868 1835 cupiditates
887 1775 908 1816 a
924 1755 1043 1819 natura
1063 1774 1131 1838 pro·

125 1841 325 1924 ficiscuntur,
356 1838 451 1904 faoile
484 1841 653 1923 explentur
684 1841 753 1905 sine
785 1841 853 1905 ulla
884 1840 1018 1926 iniuria,
1055 1862 1131 1926 qnae

126 1932 234 1993 autem
256 1929 369 1992 inanes
393 1931 482 2011 sunt,
504 1928 544 1991 iis
566 1929 743 2012 parendum
760 1950 827 1993 non
845 1932 902 1993 est.
937 1928 1033 1994 Nihil
1051 1930 1132 1994 enim

125 2016 335 2081 desiderabile
359 2016 605 2099 concupiscunt,
631 2017 767 2101 plusque
789 2018 824 2082 in
846 2017 920 2101 ipsa
940 2017 1062 2083 iniuria
1083 2019 1169 2084 de-r·

125 2105 269 2169 trimenti
293 2107 343 2168 est
361 2125 456 2187 quam
474 2105 509 2168 in
531 2104 571 2169 iis
589 2106 686 2169 rebus
706 2105 928 2189 emolumenti,
952 2127 1035 2191 qnae
1052 2107 1132 2191 pari·

126 2196 225 2256 untur
248 2191 374 2256 iniuria.
419 2191 533 2276 Itaque
554 2214 596 2256 ne
619 2193 779 2258 iustitiam
802 2193 931 2278 quidem
955 2198 1043 2260 reete
1065 2195 1133 2280 qnia

126 2281 244 2360 dixerit
265 2301 324 2364 per
347 2301 380 2344 se
403 2281 509 2364 ipsam
532 2282 723 2365 optabilem,
750 2282 806 2346 sed
829 2282 904 2367 quia
925 2282 1133 2349 iucunditatis

126 2369 177 2434 vel
208 2368 383 2453 plurimum
414 2369 536 2433 afferat.
602 2369 688 2436 Nam
727 2369 820 2455 diligi
851 2373 885 2434 et
920 2392 1032 2436 aarum
1067 2392 1134 2436 esse

126 2457 300 2522 iucundum
319 2461 369 2521 est
386 2461 566 2541 propterea,
585 2458 660 2541 quia
677 2458 830 2523 tutiorem
849 2460 1004 2524 vitamet
1024 2461 1133 2544 volup·
1144 2479 1169 2525 a:

125 2549 232 2610 tatum
268 2546 447 2629 pleniorem
483 2545 591 2610 efficit.
648 2543 763 2632 Itaque
792 2567 858 2612 non
891 2548 934 2612 ob
962 2568 1002 2613 ea
1031 2549 1134 2614 solnm

125 2634 344 2718 incommoda,
372 2655 453 2716 quae
481 2634 634 2716 eveniunt
660 2635 832 2718 improbis,
862 2634 1051 2720 fugiendam
1076 2637 1135 2702 im·

125 2722 323 2806 probitatem
350 2724 516 2806 putamus,
545 2721 600 2786 sed
626 2723 732 2788 multo
759 2723 858 2788 etiam
890 2725 1010 2810 magis,
1043 2724 1136 2810 qnod,

127 2811 216 2874 euius
233 2814 269 2874 in
288 2810 396 2873 animo
416 2812 570 2890 versatur,
589 2831 766 2895 numquam
782 2811 863 2876 sinit
876 2832 950 2877 eum
967 2814 1136 2898 respirare,

74 2917 109 2966 54
127 2918 303 2982 numquam
335 2897 543 2981 acquiescere.
598 2897 720 2974 Quodsi
757 2921 798 2964 ne
829 2901 974 2984 ipsarum
1007 2902 1169 2987 quideme<

127 2986 284 3049 virtutum
305 2984 391 3068 laus,
413 2986 448 3049 in
471 3006 534 3069 qua
556 2986 694 3051 maxime
718 2991 898 3053 ceterorum
925 2988 1136 3074 philosopho

126 3095 200 3137 rum
223 3073 364 3136 exsultat
382 3073 485 3137 oratio
491 3122 499 3152 ‚
522 3074 662 3156 reperire
683 3075 804 3141 exitum
827 3081 950 3162 potest,
971 3078 1038 3143 nisi
1059 3078 1138 3143 deri·

128 3163 224 3245 gatur
251 3159 292 3225 ad
320 3159 535 3245 voluptatem,
562 3163 711 3246 voluptas
740 3167 848 3229 autem
871 3169 921 3230 est
943 3167 1028 3251 sola,
1056 3187 1137 3251 qnae

126 3270 186 3314 nos
211 3251 304 3313 vocet
327 3247 367 3311 ad
391 3270 425 3312 se
448 3252 482 3313 et
504 3251 626 3315 alliciat
649 3255 762 3334 suapte
785 3256 915 3337 natura,
937 3274 1003 3319 non
1029 3258 1139 3339 potest

127 3358 197 3402 esse
226 3336 372 3420 dubium,
400 3336 477 3420 quin
509 3337 542 3401 id
571 3339 614 3403 sit
647 3361 807 3405 summam
835 3344 932 3427 atque
959 3346 1169 3409 extremum·

126 3426 285 3490 bonorum
309 3426 466 3509 omnium,
489 3426 645 3513 beateque
668 3429 774 3493 vivere
796 3429 880 3495 nihil
903 3429 992 3496 aliud
1011 3431 1138 3498 sitnisi

117 3533 189 3576 eum
216 3513 385 3598 voluptate
408 3514 525 3581 vivere.
