2346 3876
100 188 167 256 364
293 187 594 244 TUSCULANARUM
611 186 917 243 DISPUTATIONUM

1059 294 1078 327 θ’

100 351 185 415 Male
212 349 327 415 Latine
353 351 492 432 videtur,
521 350 577 415 sed
604 350 768 434 praeclare
795 349 932 434 Accius3
961 353 999 414 ut
1025 351 1101 414 enim

102 437 278 522 ‘vi'dere',
297 439 344 502 sic
358 437 546 503 ‘invidero
559 437 714 503 llorem'
733 438 855 502 rectius
870 459 969 522 quam
982 436 1101 503 ‘flori'

50 525 170 640 10Nos
194 525 422 592 consuetudine
445 527 666 610 prohibemur3
696 528 793 609 poeta
814 526 866 589 ius
889 548 985 590 suum
1007 526 1103 590 tenuit

48 654 82 701 21
102 619 135 680 et
157 615 239 678 dixit
261 614 420 678 audacius.
462 612 558 679 Cadit
579 615 678 694 igitur
699 613 734 677 in
752 612 888 678 eundem
912 617 947 678 et
968 613 1105 678 misereri

103 707 136 767 et
158 702 310 767 invidere.
358 701 445 766 Nam
473 702 527 786 qui
555 702 643 766 dolet
667 701 765 766 rebus
792 701 930 766 alicuius
961 701 1124 785 adversius

102 791 187 855 idem
215 789 351 854 alicuius
379 789 478 855 etiam
506 789 654 854 secundis
682 789 783 872 dolet,
807 793 846 853 ut
868 789 1105 874 Theophrastus

54 879 57 885 ’
102 878 270 942 interitum
302 877 473 960 deplorans
505 875 728 960 Callisthenis,
765 876 887 942 sodalis
923 879 989 961 sui,
1020 879 1106 942 rebus

103 965 279 1030 Alexandri
301 966 465 1049 prosperis
489 965 633 1053 angitur,
654 966 764 1050 itaque
782 965 868 1029 dicit'
880 962 1106 1030 Callisthenem

103 1053 255 1117 incidisse
278 1052 313 1116 in
335 1053 650 1117 hominemsumma
671 1053 820 1137 potentia
838 1075 1030 1137 summaque
1050 1053 1107 1118 for·

102 1144 196 1223 tuna,
225 1137 280 1204 sed
307 1140 476 1223 ignarum,
498 1162 593 1225 quem
617 1141 657 1204 ad
680 1141 812 1205 modum
838 1142 939 1206 rebus
969 1142 1107 1206 secundis
1117 1161 1136 1202 a

103 1228 152 1292 uti
176 1227 370 1291 conveniret.
415 1227 530 1312 Atqui,
556 1250 651 1313 quem
674 1229 714 1292 ad
736 1228 869 1292 modum
892 1229 1107 1294 misericordia

104 1313 271 1399 aegritudo
294 1318 344 1379 est
367 1337 406 1379 ex
425 1316 557 1380 alterius
575 1317 671 1381 rebus
691 1315 849 1398 adversis,
872 1317 920 1381 sic
938 1317 1107 1382 invidentia

105 1402 273 1486 aegritudo
302 1405 352 1467 est
378 1424 417 1467 ex
444 1404 578 1469 alterius
605 1405 702 1469 rebus
735 1404 894 1468 secundis.
949 1403 990 1470 In
1022 1425 1107 1490 quem

103 1491 204 1575 igitur
228 1490 314 1555 cadit
336 1491 496 1574 misereri,
523 1493 559 1556 in
581 1491 717 1556 eundem
740 1491 839 1556 etiam
861 1493 1022 1577 invidere3
1048 1513 1106 1558 non

104 1578 192 1643 eadit
219 1583 327 1643 autem
354 1578 498 1643 invidere
525 1581 560 1644 in
582 1580 775 1663 sapientem3
805 1600 882 1663 ergo
905 1603 948 1645 ne
971 1580 1106 1645 misereri
1115 1598 1133 1640 ιε

104 1667 241 1750 quidem.
286 1666 408 1742 Quodsi
432 1688 526 1751 aegre
549 1668 632 1732 ferre
656 1668 784 1752 sapiens
807 1667 943 1751 soleret,
972 1667 1106 1734 misereri

105 1755 204 1819 etiam
228 1755 354 1820 soleret
400 1753 504 1819 Abest
528 1777 603 1840 ergo
628 1777 648 1820 a
670 1756 815 1839 sapiente
837 1756 1020 1840 aegritudo.

51 1852 84 1901 22
172 1841 261 1907 Haec
285 1844 330 1907 sic
351 1842 502 1907 dicuntur
524 1865 543 1908 a
566 1841 683 1908 Stoicis
712 1841 1013 1929 concludunturque
1041 1866 1103 1911 con·

103 1931 229 1994 tortius.
266 1927 328 1994 Sed
350 1930 450 1995 latius
470 1931 634 2015 aliquanto
654 1930 789 1995 dicenda
808 1934 938 1996 suntet
960 1933 1104 2012 diffusius,

104 2018 272 2082 sententiis
314 2023 424 2082 tamen
464 2019 619 2083 utendum
656 2041 765 2085 eorum
800 2019 1026 2104 potissimum,
1060 2019 1131 2104 quia

103 2105 241 2168 maxime
268 2105 346 2170 forti
369 2109 416 2190 et,
443 2109 480 2170 ut
501 2107 549 2171 ita
571 2107 690 2190 dicam,
717 2107 803 2172 virili
830 2111 969 2173 utuntur
991 2109 1104 2174 ratione

104 2196 200 2276 atque
224 2194 394 2258 sententia.
442 2193 528 2260 Nam
550 2194 769 2278 Peripatetici,
795 2193 978 2261 familiares
1003 2194 1103 2271 nostri,

104 2280 221 2363 quibus
239 2281 324 2345 nihil
343 2286 394 2346 est
411 2283 554 2364 uberius,
576 2283 660 2347 nihil
679 2282 848 2366 eruditius,
870 2284 955 2348 nihil
974 2285 1103 2368 manus,

103 2367 341 2434 mediocritates
360 2370 410 2434 vel
433 2371 715 2453 perturbationum
732 2370 783 2435 vel
802 2372 993 2438 morborum
1016 2369 1103 2438 animi

103 2456 183 2521 mihi
210 2479 276 2523 non
305 2480 382 2522 sane
409 2458 559 2543 probant.
609 2457 712 2523 Omne
740 2459 826 2522 enim
849 2459 989 2544 malum,
1018 2461 1129 2526 etiams

102 2545 277 2630 mediocre,
300 2545 422 2610 malum
446 2549 508 2628 est3
531 2568 591 2611 nos
615 2544 778 2611 autemid
801 2546 942 2633 agimus,
964 2553 1004 2614 ut
1025 2536 1058 2613 id
1077 2547 1104 2611 in

104 2634 248 2717 sapiente
271 2634 395 2698 nullum
418 2634 462 2697 sit
484 2635 624 2699 omnino.
668 2633 754 2700 Nam
776 2638 813 2698 ut
834 2656 962 2719 corpus,
987 2632 1104 2702 etiamsi

103 2720 309 2786 mediocriter
333 2742 464 2807 aegrum
487 2725 551 2805 est,
574 2744 687 2786 sanum
705 2744 772 2788 non
795 2725 857 2806 est,
881 2723 986 2788 sicin
1007 2725 1103 2790 animo

104 2806 168 2870 ista
182 2809 387 2875 mediocritas
402 2812 490 2874 earet
509 2811 657 2874 sanitate.
688 2809 801 2894 Itaque
819 2811 986 2893 praeclare
999 2810 1104 2890 nostri,

103 2898 141 2957 ut
177 2895 242 2959 alia
272 2896 389 2980 multa,
426 2898 622 2982 molestiam,
658 2897 922 2978 sollicitudinem,
959 2915 1131 2984 angorema

103 2985 235 3064 propter
266 2983 511 3050 similitudinem
544 3007 715 3069 corporum
743 3006 913 3070 aegrorum
944 2989 1103 3074 aegritu·

50 3079 83 3128 23
104 3068 228 3134 dinem
246 3070 502 3136 nominaverunt.
538 3073 610 3138 Hoc
627 3074 860 3156 propemodum
879 3075 980 3140 verbo
1000 3073 1104 3140 Graeci

104 3178 232 3221 omnem
256 3157 356 3221 animi
379 3160 654 3241 perturbationem
680 3161 857 3245 appellant3
884 3168 1004 3228 vocant
1027 3164 1104 3228 enim

102 3241 226 3327 πάθος,
245 3244 278 3309 id
297 3249 347 3309 est
364 3246 527 3330 morbum,
546 3249 737 3334 quicumque
756 3252 806 3314 est
823 3252 934 3314 motus
952 3251 987 3316 in
1005 3252 1103 3316 animo

101 3332 258 3397 turbidus.
307 3333 377 3399 Nos
400 3335 531 3417 melius3
558 3338 663 3421 aegris
691 3337 777 3402 enim
799 3339 989 3421 corporibus
1014 3336 1131 3404 simil-a

101 3420 179 3484 lima
202 3421 302 3484 animi
325 3425 376 3485 est
399 3422 579 3506 aegritud03
603 3427 638 3487 at
655 3447 720 3488 non
739 3423 854 3488 similis
877 3424 1102 3510 aegrotationis

93 3510 146 3574 est
166 3507 285 3601 libido,
308 3531 377 3579 non
400 3509 606 3576 inmoderata
624 3511 770 3595 laetitia,
787 3534 869 3594 quae
892 3518 944 3579 est
962 3515 1102 3600 voluptas
