2346 3876
321 168 389 224 ΗΒ.
408 170 442 224 11.
471 120 556 225 cnr.¹
570 177 655 225 1-s.
682 177 697 237 ς
717 178 802 230 1-r.
1000 173 1067 239 329

53 330 334 414 vituperatoribus
362 332 586 417 respondimus
615 333 651 397 in
678 333 868 417 Hortensio,
898 358 957 419 pro
985 337 1066 401 Aca

53 419 164 484 demis
190 422 299 484 autem
326 441 408 504 quae
435 420 569 485 dicenda
597 425 718 504 essent,
746 423 825 486 satis
853 427 1001 488 accurate
1030 425 1067 488 in

54 507 260 571 Academicis
288 511 442 591 quattuor
468 508 561 574 libris
589 509 749 592 explicata
772 510 979 592 arbitramur3
1009 513 1066 576 sed

54 599 169 659 tamen
190 598 319 659 tantum
342 596 447 679 abest,
469 600 506 660 ut
530 597 628 661 scribi
647 601 759 661 contra
776 619 836 662 nos
859 597 1006 681 nolimus,
1028 604 1067 663 ut

28 683 88 748 sid
111 683 212 748 etiam
231 683 369 748 maxime
393 687 548 767 optemus.
583 683 623 748 In
644 685 718 768 ipsa
736 686 822 750 enim
841 685 976 750 Graecia
996 687 1065 768 phi·

54 771 209 856 losophia
234 774 328 836 tanto
350 772 385 835 in
407 772 529 837 honore
551 795 726 857 numquam
753 773 880 856 fuisset,
905 775 970 838 nisi
992 776 1066 839 doc·
1103 768 1106 776 ’

54 858 256 924 tissimorum
280 860 540 925 contentionibus
564 861 881 945 dissensionibusque
900 862 1066 947 viguisset.

122 945 230 1022 Quam
248 947 290 1012 ob
308 969 376 1012 rem
395 947 508 1013 hortor
526 949 644 1032 omnis,
668 949 723 1032 qui
747 949 851 1014 facere
869 950 902 1014 id
920 954 1065 1035 possunt,
1084 965 1102 1012 s

54 1039 93 1100 ut
113 1035 212 1100 huius
234 1056 360 1119 quoque
383 1037 511 1121 generis
535 1036 661 1100 laudem
684 1038 749 1100 iam
775 1038 944 1122 languenti
967 1037 1065 1103 Grae·

28 1123 125 1188 aciae
150 1123 289 1206 eripiant
311 1127 344 1187 et
366 1123 565 1188 transferant
587 1125 621 1188 in
638 1124 722 1189 hana
740 1125 866 1209 urbem,
890 1127 1065 1191 sicutrcli·

55 1232 137 1295 quas
169 1211 289 1293 omnis,
325 1232 406 1296 quae
437 1211 565 1295 quidem
594 1217 687 1277 erant
716 1214 926 1298 expetendae,
958 1215 1065 1280 studio

54 1302 154 1384 atque
167 1298 327 1363 industria
341 1321 400 1363 sua
414 1300 553 1365 maiores
566 1301 672 1364 nostri
685 1301 928 1368 transtulerunt.
957 1304 1065 1387 Atque

55 1391 223 1454 oratorum
251 1386 379 1470 quidem
406 1388 479 1451 laus
506 1388 554 1453 ita
581 1388 676 1452 ducta
699 1389 739 1452 ab
768 1388 885 1453 humili
912 1392 1003 1466 venit
1025 1391 1066 1456 ad

55 1496 232 1558 summum,
260 1478 297 1538 ut
323 1475 403 1558 iam,
429 1475 515 1559 quod
541 1481 659 1540 natura
685 1477 750 1539 fert
770 1477 805 1540 in
828 1478 976 1542 omnibus
999 1479 1067 1544 fere

28 1563 165 1646 erebus,
189 1566 335 1628 senescat
356 1564 511 1646 brevique
532 1567 677 1647 tempore
701 1563 741 1627 ad
763 1563 903 1628 nihilum
930 1571 1066 1631 ventura

53 1651 216 1734 videatur,
242 1650 451 1734 philosophia
472 1656 625 1717 nascatur
647 1649 772 1715 Latinis
796 1651 924 1736 quidem
947 1653 1066 1718 litteris

53 1760 93 1804 ex
124 1738 178 1803 his
209 1738 426 1822 temporibus,
459 1760 592 1823 eamque
624 1760 684 1803 nos
721 1738 907 1803 adiuvemus
943 1762 1067 1825 nosque

52 1827 145 1910 ipsos
175 1826 326 1910 redargui
353 1825 520 1911 refellique
551 1827 722 1911 patiamur.
777 1826 870 1904 Quod
902 1827 926 1892 ii
957 1828 1066 1893 ferunt

53 1915 166 1979 animo
189 1913 314 1998 iniquo,
337 1915 391 1998 qui
414 1916 509 1979 certis
533 1915 725 1999 quibusdam
744 1914 977 2000 destinatisque
996 1937 1065 1981 sen·

28 2002 171 2068 otentiis
190 2002 282 2085 quasi
304 2002 425 2066 addicti
448 2006 481 2066 et
503 2004 680 2068 consecrati
703 2007 779 2067 sunt
807 2025 906 2087 eaque
928 2005 1065 2069 necessi·

53 2094 124 2155 tate
152 2089 332 2174 constricti,
359 2093 409 2172 ut,
436 2091 534 2155 etiam
564 2113 647 2176 quac
673 2113 740 2156 non
771 2092 908 2175 probare
932 2094 1066 2176 soleant,

53 2200 93 2242 ea
125 2181 283 2262 cogantur
315 2180 515 2243 constantiae
548 2201 646 2244 causa
678 2179 861 2264 defendere3
900 2202 974 2258 nos,
1011 2181 1067 2264 qui

53 2265 220 2350 sequimur
242 2266 509 2349 probabilianec
530 2268 616 2332 ultra
639 2289 735 2352 quani
753 2269 797 2332 od
819 2268 867 2352 id,
889 2268 975 2352 quod
998 2269 1067 2333 veri

52 2354 162 2418 simile
190 2354 343 2437 occurrit,
370 2354 523 2439 progredi
549 2377 736 2439 possumus,
764 2360 797 2418 et
822 2356 969 2420 refellere
997 2357 1066 2420 sine

28 2465 39 2505 s
51 2441 235 2526 pertinacia
258 2446 291 2506 et
312 2441 417 2506 refelli
440 2443 509 2507 sine
531 2442 697 2507 iracundia
719 2443 827 2525 parati
850 2465 970 2507 sumus.

122 2528 247 2605 Quodsi
275 2529 355 2594 haec
378 2530 485 2595 studia
507 2531 656 2595 traducta
679 2534 773 2594 erunt
796 2528 836 2594 ad
858 2534 1002 2613 nostros,
1024 2545 1101 2595 nec

53 2616 263 2683 bibliothecis
281 2617 411 2701 quidem
425 2617 556 2682 Graecis
576 2618 751 2703 egebimus,
770 2618 804 2682 in
823 2618 939 2701 quibus
958 2618 1065 2689 multi-

51 2705 133 2770 tudo
151 2705 281 2769 infinita
298 2705 456 2770 librorum
474 2710 608 2789 propter
626 2727 735 2770 eorum
754 2709 803 2769 est
817 2705 1066 2790 multitudinem,

51 2794 109 2876 qni
137 2793 343 2877 scripserunt.
393 2793 518 2857 Eadem
546 2795 631 2857 enim
659 2794 808 2857 dicuntur
835 2815 855 2856 a
877 2793 1002 2877 multis,
1027 2817 1067 2858 ex

28 2903 119 2966 aquo
152 2881 245 2946 libris
277 2882 387 2945 omnia
417 2882 622 2947 referserunt.
677 2880 769 2957 Quod
806 2880 929 2946 accidet
966 2882 1065 2947 etiam

51 2969 191 3052 nostris,
219 2969 248 3033 si
275 2968 316 3032 ad
343 2969 423 3034 haec
451 2970 559 3034 studia
590 2969 700 3054 plures
727 2969 949 3034 confluxerint.
1004 2969 1066 3034 Sed

51 3079 124 3140 cos,
156 3057 187 3120 si
217 3078 405 3141 possumus,
438 3058 625 3140 excitemus,
657 3057 712 3139 qui
743 3056 921 3122 liberaliter
948 3058 1065 3122 eruditi

51 3144 203 3210 adhibita
221 3145 320 3210 etiam
343 3145 520 3210 disserendi
539 3145 702 3228 elegantia
720 3145 845 3210 ratione
864 3149 897 3209 et
917 3147 972 3209 via
994 3145 1064 3229 pbi-

51 3233 277 3317 losophantur.
313 3232 376 3296 Est
394 3233 480 3297 eninr
501 3232 661 3317 quoddam
682 3253 783 3317 genus
803 3254 928 3316 eorum,
951 3233 1007 3314 qui
1030 3254 1064 3295 se
1084 3205 1104 3326 ξ

28 3321 268 3404 sphilosophos
297 3320 454 3404 appellari
485 3320 612 3403 volunt,
642 3342 779 3403 quorum
814 3320 963 3384 dicuntur
995 3340 1064 3383 esse

50 3408 161 3473 Latini
185 3430 264 3473 sane
287 3409 380 3472 multi
403 3408 492 3490 libri3
521 3429 601 3491 quos
623 3429 690 3472 non
713 3411 884 3472 contemno
909 3405 1064 3489 equidem,

50 3498 172 3581 quippe
200 3517 281 3580 quos
308 3517 484 3579 numquam
512 3497 660 3580 legerim3
686 3494 744 3558 sed
768 3495 843 3577 quia
871 3495 1065 3577 profitentur
