2346 3876
300 157 407 214 HM
435 157 512 214 GAP.
531 164 619 214 3-6.
646 163 662 225 5
681 162 785 215 8-18.
1004 160 1046 224 97

32 321 172 405 habent,
199 319 276 384 illas
298 340 365 385 non
392 340 589 405 magnopere
614 320 804 386 desiderent
855 322 914 399 Qui
938 327 1046 388 autem
1066 339 1098 387 11

33 409 99 474 alia
128 408 257 472 malunt
284 408 383 473 scribi
410 409 559 488 anobis,
587 410 681 493 aequi
703 406 780 474 'esse
803 410 935 495 debent,
961 412 1047 496 qnod

33 502 67 562 et
89 497 216 581 scripta
237 497 342 561 multa
364 500 452 581 sunt,
479 497 526 561 sic
548 500 586 561 ut
611 499 706 581 plura
731 497 854 563 nemini
877 520 895 563 e
917 501 1047 585 nostris,

34 590 68 651 et
85 585 273 651 scribentur
289 584 429 650 fortasse
445 585 548 669 plura,
567 586 597 650 si
609 585 678 651 vita
696 590 860 672 suppetet3
880 591 912 652 et
929 591 1046 673 tamen,

34 674 90 759 qni
113 673 291 758 diligenter
307 672 401 757 haec,
424 694 507 758 quae
530 673 569 738 de
591 673 800 758 philosophia
819 675 939 739 litteris
958 698 1047 741 man-

35 763 165 846 damus,
188 761 297 845 legere
322 762 512 845 assueverit,
533 762 691 827 iudicabit
707 763 799 828 nulla
817 764 856 828 ad
875 764 1047 849 legendum

35 852 87 916 his
114 871 189 915 esse
216 849 353 934 potiora
404 849 488 925 Quid
520 854 571 915 est
602 850 689 915 enim
713 851 749 916 in
775 852 845 916 vita
875 855 1047 936 tantopere

36 937 257 1023 quaerendum
288 958 386 1022 quam
417 959 490 1003 cum
522 939 632 1003 omnia
662 940 697 1003 in
724 939 946 1024 philosophia,
976 943 1046 1006 tum

36 1028 81 1110 id,
110 1026 198 1111 quod
225 1025 278 1090 his
305 1025 398 1090 libris
425 1027 604 1110 quaeritur,
630 1029 686 1111 qui
710 1029 754 1092 sit
776 1027 865 1114 finis,
895 1029 971 1113 quid
995 1051 1047 1094 ex-

37 1120 191 1199 tremum,
214 1113 291 1199 quid
313 1115 475 1199 ultimum,
505 1136 568 1198 quo
591 1116 658 1180 sint
681 1117 790 1181 omnia
813 1118 894 1182 bene
916 1117 1048 1182 vivendi

37 1206 187 1288 recteque
217 1201 360 1268 faciendi
391 1203 527 1268 consilia
562 1203 743 1288 referenda,
778 1205 856 1290 quid
895 1210 1048 1291 sequatur

35 1296 155 1357 natura
181 1294 219 1355 nt
242 1312 404 1356 summum
427 1312 466 1355 ex
491 1292 589 1356 rebus
617 1293 816 1378 expetendis,
844 1294 920 1378 quid
941 1295 1049 1380 fugiat

37 1385 73 1446 ut
100 1383 282 1444 extremum
309 1379 493 1445 malorum?
548 1379 620 1456 Qua
650 1381 689 1446 de
720 1403 755 1446 re
785 1403 858 1447 oum
890 1383 934 1447 sit
964 1383 1048 1447 inter

38 1468 245 1534 doctissimos
264 1489 391 1533 summa
413 1467 585 1552 dissensio,
608 1468 679 1553 quis
699 1470 842 1535 alienum
863 1474 956 1554 putet
979 1471 1047 1534 eius

39 1578 108 1622 esse
137 1556 323 1640 dignitatis,
351 1577 447 1641 quam
475 1556 557 1621 mihi
583 1557 717 1642 quisque
744 1559 880 1642 tribuat,
911 1559 987 1642 quid
1013 1559 1049 1623 in

39 1645 127 1711 omni
154 1664 287 1709 munere
314 1644 402 1708 vitae
429 1645 589 1728 optimum
616 1648 649 1709 et
675 1646 881 1710 verissimum
908 1647 966 1728 sit,
995 1666 1047 1709 ex-

38 1731 187 1818 quirere?
222 1732 289 1815 An,
306 1735 418 1815 partus
438 1732 574 1798 ancillae
592 1733 678 1797 sitne
696 1733 854 1799 infructu
872 1732 1049 1819 habendus,
1069 1751 1100 1801 12

39 1823 215 1887 disseretur
250 1821 336 1885 inter
379 1820 542 1906 principes
579 1821 736 1906 civitatis,
776 1821 811 1886 P.
851 1818 1048 1905 Scaevolam,

39 1909 152 1994 M'.que
196 1907 381 1993 Manilium,
417 1908 458 1973 ab
493 1907 597 1993 iisque
636 1908 680 1975 M.
716 1909 837 1975 Brutus
879 1910 1049 1975 dissentiet

40 1995 137 2082 (quod
167 1999 200 2062 et
228 1997 357 2062 acutum
385 2016 487 2081 genus
520 1998 570 2062 est
596 2001 629 2062 et
656 1998 697 2063 ad
723 2018 801 2064 usus
833 1999 951 2063 civium
983 2021 1049 2064 non

39 2086 171 2168 inutile,
192 2105 316 2170 nosque
339 2105 378 2150 aa
400 2085 523 2169 scripta
544 2086 729 2171 reliquaque
751 2086 895 2153 eiusdem
920 2089 1047 2172 generis

40 2177 72 2239 et
101 2174 241 2259 legimns
274 2173 413 2238 libenter
444 2176 478 2237 et
507 2173 679 2261 legemus);
710 2175 802 2261 haec,
832 2198 914 2260 quae
946 2177 1048 2241 vitam

39 2283 171 2328 omnem
199 2261 379 2346 continent,
410 2261 647 2347 neglegentur?
697 2262 797 2347 Nam,
829 2269 867 2330 ut
894 2266 961 2328 sint
991 2265 1048 2328 illa

40 2349 268 2433 rendibiliora,
299 2349 381 2415 haec
412 2350 563 2415 uberiora
590 2353 676 2416 certe
707 2355 791 2416 sunt.
846 2352 1048 2436 Quamquam

39 2437 73 2502 id
100 2438 232 2524 quidem
258 2437 371 2502 licebit
395 2438 436 2503 iis
464 2438 663 2518 existimare,
692 2440 747 2524 qui
779 2440 925 2524 legerint.
979 2439 1048 2505 Nos

40 2530 150 2591 autem
176 2525 260 2591 hanc
287 2547 416 2591 omnem
445 2528 664 2610 quaestionem
687 2528 726 2593 de
748 2526 867 2592 finibus
888 2528 1048 2592 bonorum

40 2619 73 2687 st
99 2614 261 2680 malorum
287 2614 355 2679 fere
379 2614 514 2680 anobis
538 2616 733 2699 explicatam
756 2636 826 2680 esse
854 2613 906 2679 his
929 2615 1047 2680 litteris

41 2703 249 2787 arbitramur,
271 2703 306 2767 in
328 2702 459 2787 quibus,
481 2707 638 2787 quantum
660 2704 837 2788 potuimus,
864 2724 930 2768 non
952 2704 1047 2769 modo

41 2790 117 2874 quid
148 2791 244 2855 nobis
275 2790 483 2875 probaretur,
519 2791 574 2856 sed
612 2792 709 2857 etism
746 2792 824 2876 quid
860 2814 880 2858 a
911 2791 1047 2877 singulis

41 2878 269 2963 philosophiae
292 2879 471 2962 disciplinis
494 2879 665 2965 diceretur,
688 2880 848 2964 persecuti
871 2902 990 2946 sumus.

104 2967 153 3033 Ut
180 2970 332 3032 autema
358 2967 523 3033 facillimis
548 2968 724 3055 ordiamur,
751 2970 857 3054 prima
883 2971 991 3035 veniat
1013 2949 1101 3072 in153

42 3054 183 3120 medium
210 3053 344 3139 Epicuri
369 3057 468 3141 ratio,
496 3078 578 3140 quae
604 3056 767 3142 plerisque
788 3059 960 3125 notissima
985 3061 1047 3141 est,

42 3164 136 3226 quam
166 3165 186 3209 a
212 3143 308 3209 nobis
336 3143 384 3209 sic
411 3145 579 3230 intelleges
607 3147 802 3232 expositam,
828 3150 866 3212 ut
893 3149 933 3213 ab
959 3147 1048 3231 ipsis,

42 3232 96 3314 qui
124 3253 197 3297 eam
224 3231 430 3316 disciplinam
456 3234 608 3317 probant,
642 3256 708 3300 non
736 3237 840 3301 soleat
868 3235 1047 3301 accuratius

45 3320 205 3404 explicari.
255 3319 377 3385 Verum
406 3321 491 3385 enim
519 3322 663 3388 invenire
690 3325 851 3407 volumus,
878 3345 944 3388 non
967 3325 1048 3384 tam-

44 3427 138 3490 quam
157 3409 375 3474 adversarium
389 3409 528 3493 aliquem
543 3411 739 3477 convincere.
766 3413 925 3477 Accurate
940 3412 1048 3474 autem

46 3496 203 3578 quondam
221 3518 242 3561 a
259 3495 295 3562 L.
313 3496 485 3584 Torquato,
505 3498 636 3568 homine
650 3500 742 3568 omni
755 3500 907 3568 doctrina
917 3496 1062 3576 erudito,

91 3608 142 3648 ora
155 3608 195 3647 rr.
213 3610 232 3648 r.
892 3611 911 3661 *r
