2356 3870
102 158 165 220 188
263 157 311 211 DE
330 157 473 212 FlNlBUS
492 156 672 213 BONORUM
689 156 736 210 ΕΤ
755 155 940 212 MALORUM

101 319 242 382 mationa
270 320 377 402 aliqua
404 319 536 403 dignam
563 318 741 383 iudicamus
769 339 873 402 neque
899 340 973 383 eam
999 321 1106 384 tamen

100 406 134 469 in
153 406 246 470 bonis
264 407 427 489 ponimus,
449 406 547 470 iidem
566 427 732 470 censemus
749 406 874 470 nullam
893 427 965 471 esse
983 411 1104 471 tantam

100 494 373 576 aestimationem,
395 498 432 559 ut
455 515 493 557 ea
510 494 626 558 virtuti
649 497 874 577 anteponatur.
907 493 1003 570 Quod
1026 494 1102 558 idem

100 581 308 663 Peripatetici
335 602 402 645 non
428 585 555 664 tenent3
582 581 700 664 quibus
733 580 901 645 dicendum
933 585 999 664 est,
1028 601 1101 666 quae

101 673 133 732 et
155 668 293 733 honesta
321 670 405 732 actio
433 669 477 732 sit
503 672 536 732 et
563 670 632 732 sine
660 669 785 752 dolore,
814 689 886 733 eam
909 669 1017 752 magis
1040 683 1116 734 esse⁵

101 756 325 839 expetendam,
351 778 449 839 quarn
477 757 505 819 si
533 759 618 820 esset
645 756 755 820 eadem
779 757 864 820 actio
888 778 962 821 eum
990 757 1096 822 dolore.

100 843 203 908 Nobis
232 845 328 909 ahter
355 844 495 928 videtum
522 848 608 907 recte
636 865 782 927 secusne,
813 847 944 927 postea3
975 845 1030 908 sed
1052 865 1094 928 po

69 935 205 1049 4testne
228 952 335 995 rerum
359 931 461 995 maior
484 952 554 996 esse
577 931 757 996 dissensio?

47 991 81 1111 {5
166 1018 212 1083 Ut
235 1020 320 1082 enirn
343 1019 533 1083 obscuratur
552 1023 586 1083 et
602 1018 779 1083 offunditur
800 1020 872 1084 luce
895 1021 977 1085 solis
999 1021 1092 1085 lumen

100 1108 261 1188 lucernae,
288 1110 322 1169 et
348 1109 385 1170 ut
410 1107 524 1170 interit
549 1108 585 1170 ia
611 1107 835 1190 magnitudine
862 1109 963 1172 maris
986 1107 1129 1192 Aegaeis·

101 1194 190 1257 stilla
213 1193 332 1276 mellis,
355 1199 387 1257 et
409 1194 502 1258 utin
524 1193 646 1258 divitiis
669 1193 781 1259 Croesi
803 1196 942 1259 teruncii
966 1195 1090 1261 accessio

102 1285 134 1344 et
161 1281 279 1364 gradus
307 1303 388 1345 unus
415 1282 450 1345 in
477 1303 516 1345 ea
537 1283 603 1359 via,
630 1285 784 1365 quaeest
812 1281 891 1347 hinc
913 1284 949 1348 in
971 1283 1091 1364 Indiam,

101 1370 161 1452 sic,
193 1391 264 1432 eum
298 1369 341 1432 sit
367 1369 396 1432 is
426 1369 585 1434 bonorum
611 1369 700 1453 finis,
732 1391 827 1453 quem
855 1369 957 1435 Stoici
989 1371 1090 1446 dicunt

102 1457 207 1520 omnis
234 1457 299 1520 ista
325 1478 433 1520 rerum
463 1478 688 1539 corporearum
719 1458 902 1522 aestimatio
936 1459 1089 1542 splendore

100 1545 230 1608 virtutis
254 1548 287 1608 et
309 1545 529 1629 magnitudine
557 1542 746 1609 obscuretur
772 1549 805 1609 et
832 1546 989 1610 obruatur
1011 1551 1128 1630 1111116

100 1634 241 1696 intereat
263 1653 393 1696 necesse
416 1636 474 1696 est.
510 1632 556 1696 Et
578 1654 673 1715 quenr
694 1632 885 1697 admodum
904 1635 1089 1717 oportunitas

100 1718 160 1802 (sic
188 1721 274 1783 enim
303 1720 499 1802 appellemus
526 1713 713 1804 εὐκαιρίαν)
740 1741 807 1784 non
834 1719 872 1783 fit
898 1723 1004 1786 maior
1033 1741 1090 1805 pro

102 1807 252 1872 ductione
279 1808 434 1891 temporis
464 1806 602 1890 (habent
629 1809 714 1871 enim
743 1830 836 1872 suum
859 1810 1004 1893 modurn,
1025 1827 1089 1894 quae

102 1900 262 1977 oportuna
299 1893 479 1978 dicuntur),
515 1896 561 1959 sic
597 1898 687 1959 recta
723 1896 847 1960 effectio
880 1894 1090 1980 (κατόρθωσιν

102 1982 187 2045 enirn
205 1984 253 2047 ita
272 1982 410 2065 appe110,
433 1984 584 2065 quoniam
602 1987 725 2046 rectum
745 1982 867 2047 factum
884 1980 1120 2070 condatensi*

101 2074 189 2134 recta
207 2070 308 2152 igitur
327 2070 465 2151 effectio,
487 2071 567 2134 item
586 2071 824 2153 convenientia,
846 2071 983 2156 denique
1000 2074 1089 2156 ipsun

101 2158 234 2238 bonum,
257 2157 341 2241 quod
359 2159 393 2221 in
412 2179 449 2222 eo
467 2158 611 2241 positum
630 2162 692 2239 est,
709 2161 747 2221 ut
764 2162 899 2224 naturae
918 2159 1088 2237 consentiat,
1131 2222 1133 2227 .

47 2265 82 2314 41
101 2244 263 2308 crescendi
291 2246 509 2309 accessionem
530 2245 654 2309 nnllam
684 2245 792 2310 habet.
837 2243 883 2311 Ut
906 2248 993 2312 enim
1015 2264 1088 2330 opor·
1126 2250 1133 2301 ἐ

101 2334 223 2396 tunitas
247 2334 317 2416 1111,
341 2334 387 2397 sic
409 2332 501 2416 haec,
530 2333 708 2415 dequibus
731 2332 810 2416 dixi,
836 2356 902 2399 non
925 2336 1007 2399 fiunt
1027 2339 1088 2398 ten·
1127 2340 1133 2435 ,⁴

10 2462 15 2467 -
102 2422 190 2504 poris
213 2421 425 2503 productione
448 2421 584 2502 maiora,
612 2420 654 2484 ob
677 2441 811 2504 eamque
834 2443 966 2487 causam
990 2417 1133 2488 Stoicae:

100 2531 166 2573 non
198 2509 325 2573 videtur
357 2507 531 2593 optabilior
561 2528 620 2571 nec
656 2509 762 2591 magis
799 2509 978 2592 expetenda
1010 2509 1088 2575 beata

101 2598 182 2679 vita,
205 2597 234 2660 si
257 2598 299 2660 sit
321 2597 433 2680 longa,
456 2617 553 2679 quam
577 2595 605 2659 si
628 2595 748 2677 brevis,
773 2599 971 2680 utunturque
994 2593 1089 2662 simili:

101 2684 159 2766 Ut,
187 2685 215 2748 si
243 2685 392 2748 cothurni
416 2684 486 2747 laus
509 2683 567 2747 illa
589 2686 688 2765 esset,
715 2683 755 2746 ad
784 2683 899 2766 pedem
927 2690 1003 2769 apte
1030 2702 1089 2749 con-

101 2772 222 2853 venire,
249 2793 352 2854 neque
384 2770 477 2834 multi
512 2770 661 2834 cothurni
692 2771 803 2853 paucis
835 2774 1091 2855 anteponerentur

99 2879 158 2922 nec
190 2859 328 2922 maiores
361 2857 554 2941 minoribus,
587 2858 646 2939 sic,
681 2879 817 2940 quorum
854 2880 950 2924 omne
987 2861 1118 2926 bonane

100 2946 323 3010 convenientia
351 2951 447 3029 atque
475 2945 695 3029 oportunitate
722 2945 846 3027 finitur,
873 2967 910 3010 eo
932 2969 992 3012 nec
1013 2950 1094 3033 plura

99 3032 306 3115 paucioribus
333 3054 392 3097 nec
420 3034 647 3116 longinquiora
678 3032 880 3098 brevioribus
911 3039 1094 3120 anteponen-

66 3127 161 3198 7tur.
210 3117 279 3184 Nec
307 3141 383 3184 vero
411 3121 489 3184 satis
517 3123 610 3184 acute
633 3120 757 3184 dicunt:
788 3118 824 3201 Si
845 3122 933 3186 bona
956 3121 1096 3189 valetudo

98 3210 200 3292 pluris
229 3207 430 3272 aestimanda
457 3208 501 3270 111
527 3207 627 3291 longa
654 3229 751 3291 quam
778 3208 901 3293 brevis,
929 3211 1098 3295 sapientiae

98 3317 223 3381 quoque
256 3318 333 3360 usus
366 3295 574 3378 longissimus
606 3295 741 3378 quisque
769 3295 814 3359 sit
839 3297 983 3380 plurimi.
1032 3298 1126 3364 Nona

97 3385 292 3468 intellegunt
319 3382 513 3447 valetudinis
543 3384 802 3446 aestimationem
831 3385 941 3467 spatio
963 3385 1101 3463 iudicari,

97 3473 229 3538 virtutis
257 3472 491 3555 oportunitate,
517 3473 555 3534 ut
582 3470 762 3554 videantur,
789 3473 845 3554 qui
872 3471 956 3538 illud
989 3474 1102 3556 dicant,
