2346 3876
117 169 184 231 314
313 166 612 223 TUSCULANARUM
629 165 935 221 DISPUTATIONUM

117 331 286 412 interesse,
317 351 376 394 nec
408 329 512 412 pluris
543 350 629 392 nune
660 328 766 393 facere
792 327 836 393 M.
864 327 1048 395 Camillum·
1069 331 1127 395 hoo

118 417 211 481 civile
245 418 365 481 bellum
371 468 380 500 ‚
412 439 509 500 quam
538 437 598 501 ego
630 416 688 480 illo
721 417 795 481 vivo
827 416 960 481 fecerim
991 417 1126 483 Romam

117 509 255 588 captam.
292 503 358 568 Cur
376 506 477 589 igitur
500 509 533 569 et
555 503 711 569 Camillus
735 504 874 588 doleret,
899 505 928 570 si
951 506 1032 571 haee
1055 510 1124 590 post

118 596 278 658 trecentos
298 597 331 656 et
349 593 584 677 quinquaginta
603 592 672 656 fere
691 614 793 657 annos
813 597 970 658 eventura
991 598 1123 677 putaret

118 685 151 746 et
178 702 238 766 ego
266 682 407 764 doleam,
434 681 462 745 si
489 680 530 745 ad
557 680 667 744 decem
695 680 786 744 milia
813 702 973 746 annorum
1000 687 1140 767 gentems

118 770 260 920 aliquam
286 769 367 832 urbe
393 772 505 833 nostra
531 769 709 851 potituram
736 769 871 851 putem?
921 768 1007 845 Quia
1038 773 1120 833 tanta

65 858 199 973 38oarit
201 879 235 921 as
267 856 393 957 patriae
424 859 487 938 est,
518 859 555 921 ut
586 877 658 920 eam
689 878 755 920 non
787 878 885 920 sensu
916 863 1044 940 nostro,
1073 857 1118 921 scd

62 986 98 1034 91
119 945 250 1010 salute
240 945 343 1028 1psius
363 945 543 1008 metiamur
574 943 688 1027 Itaque
703 965 769 1008 non
788 943 932 1009 deterret
951 946 1118 1095 sapientem

118 1055 219 1110 mors,
251 1053 332 1115 quae
364 1034 497 1115 propter
524 1032 664 1097 incertos
694 1054 786 1096 casus
819 1032 982 1097 cotidie
971 1034 1117 1112 imminet,

118 1124 251 1205 propter
279 1120 470 1184 brevitatem
497 1120 583 1184 vitae
610 1142 784 1203 numquam
813 1124 925 1203 potest
951 1121 1048 1222 longe
1073 1121 1116 1184 ab·
1126 1141 1144 1182 o

118 1230 202 1290 esse,
225 1206 414 1290 quominus
438 1209 474 1271 in
493 1228 588 1271 omne
611 1211 739 1290 tempus
757 1208 804 1271 rei
827 1208 980 1290 publicae
999 1210 1115 1294 suisque

118 1296 267 1360 consulat
289 1298 346 1358 aut
368 1297 591 1377 posteritatem
613 1295 732 1380 ipsam,
760 1295 850 1360 cuius
879 1318 1012 1361 sensum
1038 1296 1116 1361 habi·

118 1389 210 1448 turus
241 1404 308 1446 non
339 1383 396 1465 sit,
429 1382 469 1446 ad
501 1405 535 1448 se
567 1387 660 1466 putet
690 1384 862 1467 pertinere.
917 1384 1025 1460 Quare
1054 1385 1117 1448 licet

118 1472 216 1536 etiam
239 1471 411 1535 mortalem
434 1493 504 1536 esse
527 1472 671 1536 animum
694 1472 891 1536 iudicantem
912 1477 1045 1538 aeterna
1061 1494 1115 1536 mo·

117 1561 184 1641 liri,
212 1581 279 1624 non
306 1559 430 1644 gloriae
458 1560 648 1643 cupiditate,
677 1582 775 1644 quarn
803 1581 956 1625 sensurus
983 1584 1049 1627 ιιοιι
1074 1561 1116 1640 sit,
1127 1580 1144 1620 ιι

119 1650 175 1714 sed
201 1648 345 1730 virtutis,
377 1668 473 1730 quam
503 1648 687 1712 necessario
715 1648 834 1732 gloria,
866 1649 998 1714 etiamsi
1028 1654 1064 1714 tu
1090 1647 1117 1711 id

117 1759 184 1801 non
208 1757 301 1820 agas,
323 1738 546 1818 consequatur.

184 1822 216 1887 N
218 1828 311 1888 atura
328 1842 404 1888 vero
422 1824 452 1888 si
470 1845 504 1888 se
523 1824 570 1887 sie
587 1824 700 1907 habet,
723 1827 771 1906 ut,
795 1846 858 1908 quo
877 1825 975 1890 modo
999 1826 1117 1890 initium

118 1912 213 1978 nobis
235 1933 343 1976 rerum
367 1911 511 1975 omnium
535 1915 625 1975 ortus
644 1915 754 1976 noster
773 1912 911 1994 adferat,
935 1914 983 1978 sio
1007 1915 1118 1978 exitum

118 2022 219 2077 mors,
241 2003 279 2062 ut
300 1999 384 2063 nihil
406 1999 563 2082 pertinuit
586 1999 626 2064 ad
649 2020 708 2063 nos
732 2003 805 2064 ante
830 2004 951 2084 ortum,
977 2003 1025 2066 sio
1046 1999 1147 2066 nihilo

119 2091 194 2171 post
225 2092 362 2151 mortem
394 2088 579 2169 pertinebit.
637 2086 676 2151 In
707 2110 770 2172 quo
808 2088 885 2172 quid
916 2093 1028 2172 potest
1059 2109 1119 2154 esse

119 2176 210 2257 mali,
233 2198 306 2239 cum
333 2196 420 2241 mors
447 2196 506 2240 nec
534 2176 574 2240 ad
597 2175 688 2240 vivos
710 2177 870 2258 pertineat
892 2197 952 2241 nec
981 2178 1023 2242 ad
1046 2198 1119 2242 mor-

64 2286 101 2334 on
119 2263 214 2328 tuos?
252 2263 358 2327 Alteri
380 2264 464 2327 nulli
488 2267 575 2346 sunt,
599 2264 719 2328 alteros
742 2285 808 2327 non
832 2263 983 2348 attinget.
1026 2266 1120 2342 Quam

120 2353 175 2436 qui
200 2352 357 2417 leviorem
384 2351 523 2435 faciunt,
551 2352 655 2416 somni
683 2351 880 2415 simillimam
908 2353 1024 2418 volunt
1051 2372 1119 2418 esse.

120 2439 219 2515 Quasi
239 2462 314 2505 vero
336 2439 508 2524 quisquam
528 2441 575 2503 ita
592 2440 773 2524 nonaginta
791 2461 892 2504 annos
910 2441 993 2504 velit
1012 2442 1149 2521 viverqa

119 2533 167 2611 ut,
200 2551 272 2594 cum
305 2527 474 2611 sexaginta
506 2527 692 2610 confecerit,
728 2528 869 2611 reliquos
902 2526 1057 2595 dormiat!
1086 2548 1121 2593 ne

120 2618 170 2681 sui
202 2616 330 2700 quidem
361 2614 394 2679 id
426 2615 541 2699 velint,
579 2638 645 2680 non
676 2616 771 2694 modo
803 2617 881 2698 ipse.
939 2616 1122 2701 Endymion

119 2726 209 2787 vero,
233 2705 261 2768 si
283 2704 410 2768 fabulas
434 2703 543 2767 audire
565 2705 727 2788 volumus,
750 2706 788 2767 ut
808 2703 918 2768 nescio
943 2706 1073 2788 quando
1093 2704 1123 2768 in

118 2790 233 2857 Latmo
253 2792 463 2875 obdormivit,
480 2791 536 2874 qui
554 2795 603 2855 est
621 2814 713 2856 mons
734 2789 860 2874 Cariae,
881 2793 1038 2876 nondum,
1060 2793 1122 2877 opi·

118 2901 192 2962 nor,
216 2884 266 2943 est
289 2883 502 2962 experrectus.
546 2879 634 2943 Num
656 2880 784 2966 igitur
780 2900 852 2942 eum
875 2900 987 2945 curare
1008 2901 1152 2962 censear

119 2988 191 3031 cum
215 2966 306 3030 Luna
323 2966 472 3031 laboret?
496 2989 597 3050 aqua
615 2967 800 3050 consopitus
805 2969 973 3118 tputatur,
994 2974 1034 3033 ut
1055 2989 1122 3032 eum

119 3054 332 3118 dormientem
360 3056 566 3119 oscularetur.
617 3054 699 3130 Quid
730 3058 819 3119 curet
847 3058 971 3138 autem,
1004 3058 1060 3142 qui
1085 3076 1123 3118 ne

120 3142 220 3208 sentit
238 3140 387 3223 quidem?
416 3141 528 3206 Habes
546 3165 695 3207 somnum
713 3143 890 3243 imaginem
909 3145 1026 3209 mortis
1045 3165 1122 3209 eam·

120 3253 180 3316 que
208 3229 325 3295 cotidie
352 3229 472 3312 induis,
499 3232 532 3292 et
554 3230 646 3294 dubit
632 3234 696 3313 tas,
723 3231 801 3314 quin
828 3252 941 3296 sensus
965 3232 1001 3296 in
1024 3236 1122 3297 morte

118 3321 228 3384 nullus
252 3319 309 3402 sit,
332 3340 404 3383 cum
427 3319 463 3382 ia
485 3317 554 3381 eius
578 3319 747 3383 simulacro
775 3319 886 3382 videas
909 3339 979 3384 esse
1001 3320 1152 3384 nullumo

120 3407 271 3472 sensum?

177 3496 310 3563 Pellant
296 3499 350 3563 tur
382 3516 460 3584 ergo
490 3456 574 3561 istae
599 3495 740 3578 ineptiae
769 3515 872 3577 paene
905 3496 1021 3580 aniles,
1052 3498 1120 3560 ante

60 3465 108 3528 39
