2346 3876
105 117 168 180 148
266 115 315 169 DE
334 113 478 168 FINIBUS
497 111 677 167 Bonosum
695 113 743 168 ET
761 112 945 170 MALORUM

103 300 190 342 mum
227 298 350 358 casum,
391 298 487 360 quem
527 279 662 360 propter
702 276 797 341 fidem
835 276 1114 362 constantiamque

104 368 301 450 susceperat,
329 365 384 449 qui
411 363 507 428 nobis
530 364 722 428 miserabilis
751 365 877 429 videtur
900 365 1125 449 audientibus,

103 454 153 519 illi
175 454 370 538 perpetienti
393 456 463 517 erat
484 452 694 536 voluptarius
739 452 815 517 Nou
838 453 924 517 enim
948 453 1123 520 hilaritate

104 564 163 607 nec
186 542 319 606 lascivia
340 564 400 606 nec
422 541 490 605 risu
514 541 677 619 euticeo,
700 542 817 606 comite
837 541 998 624 levitatis,
1021 564 1128 625 saepe

53 653 85 700 cu
105 631 203 695 etiam
226 631 337 695 tristes
361 629 513 693 firmitate
536 632 569 692 et
591 629 776 694 constantia
802 633 878 693 sunt
899 630 999 694 beati.
1044 629 1160 701 stu-5

105 723 199 802 prata
225 741 283 802 per
310 718 376 782 vim
399 716 548 781 Lucretia
582 739 601 780 a
623 718 710 802 regis
736 717 806 783 filio
833 721 956 783 testata
979 718 1059 783 civis
1081 741 1125 784 se

105 810 176 891 ipsa
208 806 380 871 interemit.
439 804 503 870 Hie
534 805 625 870 dolor
653 806 766 889 populi
797 805 939 871 Romani
972 807 1051 872 duce
1081 811 1123 871 et

105 900 235 960 auctore
253 895 355 959 Bruto
379 915 477 958 causa
495 894 618 958 civitati
639 893 799 958 libertatis
821 894 897 977 tuit,
920 895 963 959 ob
985 895 1120 979 eiusque

105 983 250 1047 mulieris
278 982 468 1047 memoriam
494 982 599 1064 primo
627 1003 712 1046 anno
741 986 773 1046 et
801 982 850 1046 vir
872 987 906 1046 et
930 986 1024 1066 pater
1046 984 1117 1047 eius

106 1071 217 1136 consul
247 1075 296 1135 est
322 1071 437 1135 factus.
487 1069 604 1134 Tenuis
632 1068 668 1135 L.
695 1068 871 1153 Verginius
898 1092 1044 1155 unusque
1073 1071 1113 1134 de
1126 1093 1149 1133 ιο

106 1159 217 1223 multis
254 1158 454 1243 sexagesimo
491 1180 575 1222 anno
617 1161 692 1240 post
731 1159 916 1223 libertatem
952 1161 1111 1243 receptam

105 1248 264 1330 virginem
295 1246 395 1310 filiam
428 1268 486 1310 sua
517 1268 615 1310 manu
647 1245 764 1312 occidit
795 1247 918 1330 potius,
951 1270 1046 1332 quam
1074 1267 1109 1310 ea
1155 1248 1169 1264 ”

105 1334 165 1418 Ap.
194 1333 321 1398 Claudii
350 1333 490 1417 libidini,
518 1335 572 1418 qui
600 1338 671 1399 tum
698 1338 769 1398 erat
795 1356 864 1399 cum
897 1357 1023 1402 summo
1055 1335 1106 1399 im·
1167 1369 1169 1403 :

53 1474 93 1536 2,
105 1424 209 1507 peric,
232 1422 409 1487 dederetur.
1163 1406 1169 1545 4

53 1553 85 1601 67
171 1511 239 1575 Aut
270 1510 350 1574 haec
380 1511 457 1594 tibi,
488 1510 664 1595 Torquate,
696 1514 771 1576 sunt
801 1512 1029 1596 vituperanda,
1057 1511 1136 1576 autri
1167 1550 1169 1559 =

105 1600 321 1683 patrocinium
357 1600 535 1683 voluptatis
574 1599 818 1684 repudiandum.
876 1599 970 1676 Quod
1006 1605 1101 1666 autem
1162 1586 1169 1691 l

104 1689 321 1771 patrocinium
343 1691 400 1752 aut
429 1709 510 1772 quae
533 1688 598 1752 ista
621 1709 718 1752 eausa
740 1692 791 1752 est
812 1689 1007 1773 voluptatis,
1034 1706 1101 1773 quae
1165 1707 1169 1779 ς

104 1799 163 1841 neo
189 1780 289 1840 testes
315 1776 401 1842 ullos
430 1797 446 1839 e
475 1776 571 1841 claris
598 1776 675 1840 viris
698 1798 758 1841 nec
785 1776 972 1843 laudatores
995 1775 1102 1861 poterit
1165 1786 1169 1832 .·

105 1864 280 1929 adhibere?
337 1863 386 1930 Ut
420 1864 506 1928 enim
542 1885 603 1929 nos
639 1886 676 1929 ex
710 1865 874 1929 annalium
907 1863 1101 1931 monimentis
1159 1910 1167 1923 .

104 1956 202 2016 testes
232 1952 408 2016 excitamus
437 1974 506 2034 eos,
533 1975 669 2037 quorum
697 1953 801 2017 omnis
828 1953 896 2018 uita
923 1955 1139 2037 consumptor⁰

106 2041 207 2104 estin
226 2040 393 2105 laboribus
412 2041 575 2126 gloriosis,
599 2042 654 2127 qui
671 2041 848 2124 voluptatis
866 2063 987 2107 nomen
1004 2042 1101 2107 audire

105 2150 175 2279 nont
202 2131 367 2281 pospent,q
380 2129 426 2193 sic
453 2129 488 2193 in
520 2130 635 2282 vestplis
652 2129 968 2282 .d.isp¹,¹,la.ti⁰nlb¹¹⁸h
979 2128 1103 2283 lpistrpia

105 2238 197 2280 mua
228 2237 286 2280 es.
368 2239 422 2280 um
445 2239 519 2281 uam
552 2239 593 2282 au
617 2240 660 2282 rvr
687 2240 722 2280 111
801 2239 881 2282 rcurr
911 2240 945 2283 sc
972 2241 1025 2284 oa
1095 2250 1103 2262 ·

106 2324 253 2388 curgum,
292 2239 458 2388 S'olonerd,
496 2305 690 2388 Miltiadem,
726 2241 994 2391 Thlimistoclem,
1028 2237 1104 2390 Epi-

105 2393 293 2456 minondam
315 2394 492 2477 nominari,
520 2394 574 2477 qui
601 2394 635 2458 in
659 2415 713 2457 ore
744 2397 820 2458 sunt
843 2398 1024 2460 ceterorum
1048 2406 1143 2460 our-ro

104 2481 193 2545 nium
217 2480 495 2564 philosophorum.
547 2479 641 2546 Nunc
663 2503 753 2564 vero,
777 2483 930 2566 quoniam
953 2483 1034 2549 haec
1054 2502 1106 2548 nos

105 2570 204 2634 etiam
231 2572 370 2635 tractare
399 2570 577 2653 coepimus,
609 2569 830 2652 suppeditabit
858 2570 954 2635 nobis
987 2572 1108 2636 Atticus

53 2679 86 2727 ss
104 2661 216 2723 noster
234 2679 251 2721 e
269 2657 430 2722 thesauris
453 2657 518 2722 suis
542 2680 621 2741 quos
641 2661 675 2721 et
696 2662 834 2742 quantos
857 2659 957 2723 viros!
999 2658 1109 2725 Nonne

106 2746 221 2810 melius
245 2748 296 2810 est
318 2745 357 2808 de
380 2745 432 2809 his
452 2745 574 2828 aliquid
597 2768 693 2830 quam
716 2747 816 2810 tantis
834 2746 1053 2812 voluminibus
1076 2746 1111 2811 de

105 2833 272 2897 Themista
293 2834 403 2916 loqui?
441 2831 514 2897 Sint
535 2834 599 2897 ista
618 2833 829 2916 Graecorum3
852 2856 1049 2919 quamquam
1073 2834 1145 2901 abeo

105 2922 145 2985 iis
168 2921 409 3004 philosophiam
433 2924 466 2984 et
488 2942 598 2986 omnes
627 2922 784 3006 ingenuas
806 2922 994 3006 disciplinas
1017 2923 1113 2989 habe·

105 3031 191 3093 mus;
220 3008 274 3072 sed
302 3012 412 3072 tamen
440 3012 489 3073 est
519 3009 652 3093 aliquid,
680 3011 764 3093 quod
790 3011 885 3076 nobis
911 3032 978 3077 non
1010 3011 1115 3096 liceat,

105 3099 201 3162 liceat
224 3096 299 3160 illis.
343 3096 495 3181 Pugnant
518 3096 619 3161 Stoici
644 3118 717 3161 oum
739 3098 973 3182 Peripateticis.
1009 3098 1116 3166 Alteri

105 3187 227 3271 negant
258 3184 449 3269 quicquam*
462 3206 532 3249 esse
567 3186 701 3269 bonum,
732 3186 795 3250 nisi
828 3186 913 3271 quod
942 3188 1117 3254 honestum

106 3274 163 3356 sit,
192 3272 288 3338 alteri
313 3273 487 3356 plurimum
518 3294 551 3336 se
579 3277 613 3337 et
634 3274 732 3358 longe
756 3275 915 3360 longeque
940 3275 1117 3359 plurimum
1130 3302 1155 3345 ss

104 3363 248 3427 tribuere
275 3361 451 3445 honestati,
479 3361 535 3425 sed
561 3365 670 3426 tamen
697 3366 730 3427 et
752 3363 788 3426 in
810 3384 944 3445 corpore
968 3369 1000 3429 et
1025 3370 1119 3431 extra

104 3472 175 3514 esse
200 3450 356 3535 quaedam
379 3450 472 3515 bona.
508 3449 552 3514 Et
576 3453 736 3515 certamen
757 3450 931 3516 honestum
954 3456 988 3516 ct
1009 3453 1120 3540 dispu-
