2346 3876
88 160 153 224 238
190 173 197 185 ·
249 159 298 214 DE
316 158 461 214 FlNlBUS
479 157 659 214 BONORUM
676 156 725 212 ET
743 155 929 211 Aaronom

89 322 207 406 inquit,
231 342 273 386 an
295 322 393 385 etiam
416 325 474 385 tua
495 324 610 403 sponte
632 341 811 420 propensus
835 316 892 382 es?
928 315 1012 380 Mihi
1030 316 1090 401 qui·

89 409 162 474 dem
181 409 248 473 Ant
248 409 391 488 iochnm,
414 430 508 492 quem
527 409 632 491 audis,
651 406 731 471 satis
750 406 836 471 belle
853 405 974 470 videris
994 409 1091 470 atten-

90 498 172 561 dere.
217 497 299 562 Tum
326 498 381 561 ille
407 497 520 560 timide
547 497 598 559 vel
626 497 735 597 potius
767 493 958 558 verecunde.
990 493 1091 574 Facio,

89 586 209 686 inquit,
242 586 402 669 equidem,
434 583 490 648 sed
521 584 638 648 audist'
613 586 680 647 tine
712 582 808 648 modo
840 581 878 645 de
908 578 1090 646 Carneade?

89 674 200 757 rapior
222 673 313 756 illuc,
336 675 467 737 revocat
494 675 601 736 autem
624 671 818 753 Antiochus,
844 690 904 734 nec
932 672 984 733 est
1006 691 1090 753 prae
1102 694 1111 733 ι

89 766 192 843 terea,
215 782 310 845 quem
336 760 514 824 audiamus,

156 849 238 913 Tum
261 847 349 912 Piso:
381 848 454 912 Etsi
481 847 596 931 hoc,
586 848 705 930 inquit,
727 847 866 912 fortasse
887 867 954 910 non
977 845 1092 928 poterit

90 938 136 1002 sic
163 936 266 1020 abire,
294 958 366 1001 cum
393 935 446 999 hic
474 936 560 999 adsit
582 933 648 1021 (me
672 937 779 999 autem
803 933 959 1018 dicebat),
989 938 1092 997 tamen

91 1024 214 1090 audebo
241 1028 275 1088 te
302 1024 343 1087 ab
371 1024 433 1088 hac
456 1022 633 1087 Academia
658 1044 744 1088 nova
772 1023 813 1087 ad
839 1021 932 1085 illam
955 1025 1090 1087 veterem

89 1133 219 1196 vocare,
242 1111 275 1175 in
299 1133 374 1195 qua,
396 1114 433 1174 ut
456 1111 560 1175 dicere
580 1111 776 1175 Antiochum
794 1110 962 1191 audiebas,
984 1130 1051 1173 non
1070 1108 1121 1172 iiic

91 1201 151 1264 soli
173 1202 395 1281 numerantur,
418 1222 472 1283 qu1
464 1199 677 1264 Academici
694 1202 812 1263 vocant
813 1219 863 1280 ur,
888 1195 1093 1298 Speusippus,

90 1287 253 1351 Xenocrat
239 1291 302 1366 t‚es
339 1286 487 1370 Polemo,
522 1285 662 1351 Crantor
693 1290 744 1350 cet
746 1287 868 1369 orique,
906 1284 1032 1349 sedt
999 1286 1093 1348 etiam

91 1337 302 1457 Peripatetici
311 1377 446 1457 veteres,
465 1396 600 1458 quorum
614 1375 764 1456 princeps
779 1373 984 1456 Aristoteles,
1003 1394 1092 1456 quem

92 1466 224 1546 excepto
248 1462 384 1527 Platone
407 1462 494 1526 haud
512 1463 578 1526 scio
598 1483 639 1525 an
657 1466 743 1526 recte
762 1461 897 1525 dixerim
917 1461 1092 1544 principem

90 1550 365 1634 philosophorum.
414 1550 466 1614 Ad
498 1572 553 1615 eos
580 1551 681 1634 igitur
711 1553 861 1613 converte
888 1551 936 1631 te,
969 1569 1120 1632 qnaesou

90 1639 141 1702 Ex
177 1660 288 1703 eorum
327 1639 412 1702 enim
449 1638 578 1722 scriptis
615 1642 648 1701 et
687 1636 846 1701 institutis
882 1658 955 1700 cum
993 1636 1093 1700 omnis

91 1727 236 1791 doctrina
262 1725 423 1809 liberalis,
455 1727 558 1790 omnis
587 1725 737 1807 historia,
770 1725 873 1789 omnis
901 1745 1008 1788 sermo
1035 1724 1092 1788 ele·

90 1836 172 1899 gans
196 1814 279 1878 sumi
302 1817 422 1896 potest,
449 1817 519 1876 tum
545 1813 686 1878 varietas
708 1817 757 1876 est
784 1816 877 1876 tanta
900 1812 1034 1894 artium,
1060 1814 1094 1875 nt

90 1923 185 1966 nemo
210 1901 278 1966 sine
302 1923 339 1966 eo
363 1901 580 1966 instrumento
605 1901 645 1965 ad
667 1900 766 1964 ullam
788 1922 857 1963 rem
884 1900 1093 1965 illustriorem

91 1990 170 2053 satis
203 1992 335 2053 ornatus
366 1990 472 2072 possit
499 1989 656 2053 accedere.
706 1987 757 2051 Ab
785 1988 836 2052 his
864 1991 1025 2071 oratores,
1054 1988 1092 2050 ab
1103 2009 1122 2048 ιι

90 2077 142 2140 his
173 2077 385 2158 imperatores
413 2098 451 2141 ac
481 2098 588 2140 rerum
620 2076 820 2159 publicarum
852 2075 1015 2158 principes
1045 2096 1118 2138 exn

92 2165 252 2228 stiterunt.
288 2163 335 2227 Ut
354 2163 394 2227 ad
412 2166 537 2230 minora
556 2165 696 2247 veniam,
719 2163 950 2246 mathematici,
973 2167 1095 2246 potitae,

42 2254 44 2258 ’
90 2250 220 2333 musici,
256 2251 373 2314 medici
409 2251 546 2336 denique
583 2274 621 2316 ex
657 2251 718 2315 hac
750 2255 917 2335 tamquam
952 2252 1094 2315 omnium

56 2359 72 2407 8
93 2339 252 2402 artificum
276 2339 406 2402 officina
429 2340 565 2422 profecti
589 2343 672 2404 sunt.
708 2340 816 2423 Atque
836 2360 910 2423 ego:
943 2336 1014 2403 Scis
1038 2359 1094 2420 me,

91 2427 236 2511 inquam,
258 2427 345 2490 istud
367 2426 453 2490 idem
477 2428 609 2510 sentire,
637 2427 726 2511 Piso,
755 2427 810 2490 sed
834 2430 909 2491 ate
938 2431 1124 2509 oportunea

91 2515 179 2579 facta
206 2515 326 2579 mentio
355 2516 413 2578 est.
463 2513 577 2579 Studet
604 2516 688 2579 enim
716 2536 806 2578 meus
819 2555 821 2559 ·
835 2514 944 2578 audire
975 2513 1095 2597 Cicero,

92 2624 250 2686 quaenam
273 2603 318 2667 sit
339 2602 434 2666 istius
457 2605 587 2686 veteriS,
615 2625 711 2686 quam
740 2623 987 2683 commemoras,
1015 2602 1095 2666 Aca·

92 2690 214 2754 demiae
243 2691 281 2753 de
310 2689 428 2754 finibus
455 2690 621 2756 bonorum
643 2690 996 2774 Peripateticorumque
1028 2711 1095 2754 sen·

91 2778 202 2841 tentia.
256 2775 431 2841 Censemus
463 2781 571 2842 autem
602 2779 755 2843 facillime
786 2782 820 2842 te
856 2778 889 2841 id
925 2778 1096 2861 explanare

91 2886 199 2948 posse,
232 2864 317 2946 quod
344 2867 377 2927 et
399 2864 546 2930 Staseam
569 2865 821 2948 Neapolitanum
849 2865 968 2928 multos
996 2885 1127 2930 annoso

90 2951 243 3015 habueris
271 2950 357 3033 apud
387 2954 418 3016 te
447 2956 479 3018 et
507 2955 686 3037 complures
713 2953 779 3016 iam
808 2974 934 3016 menses
957 2952 1095 3016 Athenis

91 3039 202 3103 haec
192 3060 265 3120 ipsa
286 3042 320 3101 te
340 3060 378 3102 ex
396 3038 558 3105 Antiocho
577 3041 742 3105 videamus
766 3041 937 3124 exquirere
974 3039 1020 3104 Et
1042 3040 1096 3104 ille

90 3127 211 3190 ridens:
223 3125 329 3227 Age,
352 3146 425 3211 age,
447 3129 565 3212 inquit,
592 3127 686 3213 (sat1s
710 3128 794 3192 enim
819 3128 897 3191 scite
919 3149 971 3191 me
994 3128 1098 3192 nostri

92 3214 248 3278 sermonis
280 3213 475 3314 principium
508 3237 578 3280 esse
609 3213 778 3366 voluistip)
791 3237 989 3300 exponamus
1022 3216 1097 3279 adu-

91 3301 238 3385 lescenti,
261 3301 289 3364 si
313 3324 394 3384 quae
417 3302 502 3366 forte
524 3324 694 3386 possumus
781 3303 923 3368 atenim
947 3303 981 3367 id
1002 3303 1130 3367 nobisu

91 3390 170 3453 solit
155 3388 247 3470 tudo,
271 3389 403 3474 quodsi
421 3390 475 3472 qui
498 3389 575 3453 deus
599 3389 731 3475 diceret,
753 3413 930 3474 numquam
949 3395 1097 3474 putarem

83 3498 141 3540 me
161 3477 196 3539 in
215 3476 391 3542 Academia
407 3480 573 3563 tamquam
597 3478 828 3561 philosophum
851 3478 1098 3561 disputaturum.

50 817 71 942 i
