2346 3876
274 170 342 226 ula.
359 171 396 225 11.
424 170 500 227 cns.
520 176 641 226 aa-ss.
670 176 824 238 sse-er.
988 171 1052 236 351

43 329 252 481 asperrimepss,f
263 330 345 396 nihil
364 333 428 482 Zet,
445 332 539 483 quoti}
557 337 651 484 utEeo
663 334 843 484 lpotiamur,
860 355 927 484 nrrtn
944 334 1052 435 parati

41 438 539 588 §.ducentula
568 441 1052 591 ...antistarent

41 592 102 656 illa
129 592 276 675 pericula
303 593 461 657 adeuntur
487 595 522 658 in
549 595 694 680 proeliis3
724 617 788 660 non
817 596 960 659 sentiunt
988 595 1052 659 viri

42 679 148 745 fortes
172 680 208 744 in
229 681 298 744 acie
320 681 467 765 volnera,
489 683 541 746 vel
563 683 720 763 sentiunt,
743 682 799 746 sed
821 683 904 747 mori
926 682 1052 747 malunt

43 789 145 853 quarn
156 769 285 832 tantum
298 767 393 832 modo
408 769 446 832 de
465 768 636 853 dignitatis
650 769 751 853 gradu
770 769 942 834 demoveri.
974 768 1050 833 Ful·
1069 777 1105 826 5⁹

42 855 151 940 gentis
174 854 302 939 gladios
322 855 466 920 hostium
487 857 640 922 videbant
662 857 769 939 Decii,
797 878 869 920 cum
893 858 928 920 in
950 857 1052 921 aciem

43 963 156 1007 eorum
174 941 356 1007 inruebant.
386 943 449 1006 His
463 944 593 1015 levabat
606 966 735 1008 onmem
748 945 915 1008 volnerum
928 948 1051 1008 metum

42 1030 199 1095 nobilitas
217 1030 333 1094 mortis
351 1034 384 1094 et
405 1031 518 1115 gloria.
553 1031 642 1096 Num
660 1035 730 1096 tum
748 1032 943 1116 ingemuisse
966 1031 1052 1116 Epa-

43 1117 234 1183 minondam
251 1121 357 1201 putas,
375 1139 448 1182 cum
465 1140 616 1182 unacum
631 1119 786 1203 sanguine
804 1119 905 1184 vitam
922 1119 1051 1184 effluere

42 1203 219 1269 sentiret?¹
256 1203 475 1288 Imperantem
501 1206 587 1270 enim
618 1207 757 1290 patriam
789 1205 1050 1274 Lacedaemoniis

43 1291 260 1375 relinquebat,
288 1314 383 1376 quam
411 1297 578 1376 acceperat
605 1295 806 1358 servientem.
854 1294 944 1360 Haeo
976 1299 1052 1360 sunt

44 1379 182 1462 solacia,
202 1379 284 1444 haec
304 1379 450 1445 fomenta
473 1402 672 1447 summorum
695 1381 850 1446 dolorum.
1060 1435 1104 1498 25

106 1465 221 1531 Dices:
248 1467 325 1551 quid
351 1468 386 1531 in
412 1489 506 1551 paee,
527 1469 605 1552 quid
627 1468 728 1551 domi,
755 1469 833 1569 qnid
854 1470 888 1533 in
910 1469 1050 1535 lectulo?
1069 1512 1104 1560 60

44 1553 84 1620 ad
109 1554 336 1638 philosophos
352 1577 404 1619 me
430 1577 576 1639 revocas,
602 1556 657 1640 qui
681 1556 716 1619 in
743 1575 844 1620 acrem
865 1577 933 1620 non
956 1578 1052 1640 saepe

42 1642 214 1725 prodeunt.
264 1642 293 1706 ll
325 1643 442 1727 quibus
473 1643 573 1708 homo
604 1664 682 1707 sane
716 1643 811 1726 levis,
842 1642 1052 1708 Heracleotes

41 1728 237 1814 Dionysias,
259 1751 333 1794 cum
355 1752 376 1794 a
393 1730 521 1795 Zenone
542 1731 638 1796 fortis
660 1752 730 1796 esse
754 1731 933 1813 didicisset,
955 1753 976 1795 a
997 1730 1052 1796 do·

42 1817 110 1883 lore
142 1817 296 1882 dedoctus
327 1821 385 1881 est
437 1816 524 1882 Nam
553 1840 626 1883 cum
653 1839 692 1882 ex
718 1818 848 1883 renibus
878 1818 1051 1902 laboraret,

42 1905 113 1991 ipso
135 1904 172 1970 iu
195 1904 318 1970 eiulatu
341 1905 531 1970 clamitabat
552 1905 638 1969 falsa
660 1927 730 1969 esse
752 1906 823 1989 illa,
851 1927 933 1990 quae
957 1909 1052 1970 antea

43 1991 80 2058 de
108 1991 222 2058 dolore
244 1993 315 2077 ipse
336 1993 501 2058 sensisset.
551 1992 653 2069 Quem
680 2014 751 2057 cnm
775 1991 950 2058 Cleanthes
973 2010 1050 2058 non·

44 2079 220 2164 discipulus
246 2083 390 2163 rogaret,
419 2102 580 2164 quaenam
609 2081 693 2146 ratio
722 2102 795 2145 eum
821 2083 860 2146 de
890 2080 1052 2146 sententia

44 2166 243 2249 deduxisset,
287 2168 472 2252 respondit:
517 2167 647 2252 ‘Quia
688 2170 736 2251 si,
779 2191 861 2233 cum
902 2172 1051 2234 tantum

44 2277 183 2340 operae
209 2255 482 2339 philosophia-'e
505 2255 708 2338 dedissem,
730 2257 902 2321 dolorem
924 2260 1051 2321 tamon

43 2342 145 2408 ferre
163 2363 240 2407 non
256 2364 421 2426 possem,
439 2344 536 2408 satis
556 2347 658 2407 esset
676 2344 894 2426 argumenti
911 2343 1051 2408 malum

44 2450 127 2497 esse
154 2430 335 2495 dolorem.
382 2431 575 2495 Plurimos
604 2434 729 2495 autem
757 2451 875 2495 annos
902 2431 940 2493 in
968 2431 1051 2513 phi·

44 2517 225 2602 losephia
245 2519 472 2600 consumpsi
499 2539 566 2584 nec
592 2517 694 2581 ferre
719 2538 889 2600 possum,
910 2518 1051 2582 malum

45 2610 102 2671 est
119 2605 245 2690 igitur
262 2604 392 2671 dolor?
425 2604 508 2670 Tum
522 2603 723 2688 Cleanthem,
742 2626 815 2668 eum
832 2603 913 2686 pede
930 2607 1051 2669 terram

46 2693 270 2776 percussisset,
292 2714 422 2757 versum
444 2715 482 2758 ex
505 2692 664 2778 Epigonis
686 2691 797 2756 ferunt
817 2691 951 2756 dixisse:

86 2812 384 2904 Andisnahaec,
402 2815 634 2901 Amphiarai}
653 2815 720 2879 sub
737 2818 881 2879 terram
899 2813 1052 2879 dbdite?

34 2950 206 3022 »lamnam
223 2955 442 3038 significabat,
465 2977 485 3018 a
508 2976 572 3037 quo
590 2955 683 3019 illum
701 2955 893 3039 degenerare
912 2955 1052 3020 dolebat.

48 3040 88 3107 lt
107 3062 178 3108 non
198 3044 311 3106 noster
332 3041 539 3125 Posidonius,
562 3063 658 3125 quem
675 3046 709 3106 et
728 3042 800 3126 ipse
819 3064 915 3127 saepe
935 3043 1002 3108 vidi
1019 3048 1052 3108 et
1071 3056 1104 3105 61

49 3127 75 3195 id
103 3132 224 3212 dicam,
254 3129 340 3212 quod
369 3129 495 3194 solebat
523 3149 655 3194 narrare
683 3130 871 3214 Pompeius,
900 3152 948 3214 se,
980 3152 1052 3194 oum

36 3212 194 3284 &badum
222 3217 364 3281 venisset
390 3217 544 3281 decedens
571 3238 611 3281 ex
639 3215 748 3302 Syria,
775 3218 884 3283 andire
912 3218 1052 3282 voluisse

48 3299 272 3387 Posidonium,
309 3304 365 3369 sed
401 3326 474 3369 cum
510 3304 654 3369 audisset
689 3327 763 3370 enm
799 3307 941 3390 graviter
981 3325 1052 3369 esse

34 3405 196 3480 tuegrum,
236 3391 322 3475 qnod
361 3390 567 3456 vehementer
607 3392 675 3457 eius
720 3397 810 3456 artus
856 3392 1053 3474 laborarent,

46 3482 183 3548 voluisse
201 3483 312 3544 tamen
325 3478 562 3545 nobilissimum
576 3479 807 3564 philosophum
821 3479 939 3563 visere3
957 3499 1051 3561 quem
1147 3494 1151 3505 ·
