<?xml version="1.0" encoding="UTF-8"?>
<!DOCTYPE html PUBLIC "-//W3C//DTD XHTML 1.0 Transitional//EN"
    "http://www.w3.org/TR/xhtml1/DTD/xhtml1-transitional.dtd">
<html xmlns="http://www.w3.org/1999/xhtml" xml:lang="en" lang="en">
 <head>
  <title>
</title>
<meta http-equiv="Content-Type" content="text/html;charset=utf-8" />
  <meta name='ocr-system' content='tesseract 3.04.00' />
  <meta name='ocr-capabilities' content='ocr_page ocr_carea ocr_par ocr_line ocrx_word'/>
</head>
<body>
  <div class='ocr_page' id='page_1' title='image "./mtulliiciceroni00mlgoog_0427.png"; bbox 0 0 2346 3876; ppageno 0'>
   <div class='ocr_carea' id='block_1_1' title="bbox 121 167 939 233">
    <p class='ocr_par' dir='ltr' id='par_1_1' title="bbox 121 167 939 233">
     <span class='ocr_line' id='line_1_1' title="bbox 121 167 939 233; baseline -0.009 0"><span class='ocrx_word' id='word_1_1' title='bbox 121 169 185 233; x_wconf 79' lang='grc'>378</span> <span class='ocrx_word' id='word_1_2' title='bbox 315 167 614 224; x_wconf 79' lang='lat' dir='ltr'>TUSCULANARUM</span> <span class='ocrx_word' id='word_1_3' title='bbox 632 168 939 226; x_wconf 79' lang='lat' dir='ltr'><strong>DISPUTATIONUM</strong></span> 
     </span>
    </p>
   </div>
   <div class='ocr_carea' id='block_1_2' title="bbox 67 330 1167 1823">
    <p class='ocr_par' dir='ltr' id='par_1_2' title="bbox 67 330 1167 1823">
     <span class='ocr_line' id='line_1_2' title="bbox 120 330 1122 420; baseline 0.004 -25"><span class='ocrx_word' id='word_1_4' title='bbox 120 336 177 395; x_wconf 91' lang='lat' dir='ltr'>aut</span> <span class='ocrx_word' id='word_1_5' title='bbox 196 331 250 414; x_wconf 92' lang='lat' dir='ltr'>qui</span> <span class='ocrx_word' id='word_1_6' title='bbox 268 331 473 396; x_wconf 72' lang='lat' dir='ltr'>tolerabilius</span> <span class='ocrx_word' id='word_1_7' title='bbox 491 332 574 394; x_wconf 88' lang='lat' dir='ltr'>feret</span> <span class='ocrx_word' id='word_1_8' title='bbox 591 330 845 415; x_wconf 91' lang='lat' dir='ltr'>incommodum,</span> <span class='ocrx_word' id='word_1_9' title='bbox 868 335 925 417; x_wconf 91' lang='lat' dir='ltr'>qui</span> <span class='ocrx_word' id='word_1_10' title='bbox 946 335 1122 420; x_wconf 85' lang='lat' dir='ltr'>cognoverit</span> 
     </span>
     <span class='ocr_line' id='line_1_3' title="bbox 120 419 1121 502; baseline 0.003 -19"><span class='ocrx_word' id='word_1_11' title='bbox 120 440 250 484; x_wconf 88' lang='lat' dir='ltr'>necesse</span> <span class='ocrx_word' id='word_1_12' title='bbox 269 441 338 483; x_wconf 89' lang='lat' dir='ltr'>esse</span> <span class='ocrx_word' id='word_1_13' title='bbox 360 419 486 483; x_wconf 92' lang='lat' dir='ltr'>homini</span> <span class='ocrx_word' id='word_1_14' title='bbox 507 419 574 483; x_wconf 88' lang='lat' dir='ltr'>tale</span> <span class='ocrx_word' id='word_1_15' title='bbox 593 419 716 502; x_wconf 91' lang='lat' dir='ltr'>aliquid</span> <span class='ocrx_word' id='word_1_16' title='bbox 734 419 902 502; x_wconf 77' lang='lat' dir='ltr'>accidere?</span> <span class='ocrx_word' id='word_1_17' title='bbox 937 421 1029 488; x_wconf 89' lang='lat' dir='ltr'>Haec</span> <span class='ocrx_word' id='word_1_18' title='bbox 1046 423 1121 487; x_wconf 90' lang='lat' dir='ltr'>enin</span> 
     </span>
     <span class='ocr_line' id='line_1_4' title="bbox 121 506 1122 593; baseline 0.004 -22"><span class='ocrx_word' id='word_1_19' title='bbox 121 508 226 572; x_wconf 88' lang='lat' dir='ltr'>oratio</span> <span class='ocrx_word' id='word_1_20' title='bbox 261 507 300 570; x_wconf 92' lang='lat' dir='ltr'>de</span> <span class='ocrx_word' id='word_1_21' title='bbox 331 507 403 589; x_wconf 90' lang='lat' dir='ltr'>ipsa</span> <span class='ocrx_word' id='word_1_22' title='bbox 435 527 562 570; x_wconf 91' lang='lat' dir='ltr'>summa</span> <span class='ocrx_word' id='word_1_23' title='bbox 593 506 672 571; x_wconf 89' lang='lat' dir='ltr'>mali</span> <span class='ocrx_word' id='word_1_24' title='bbox 701 507 785 571; x_wconf 92' lang='lat' dir='ltr'>nihil</span> <span class='ocrx_word' id='word_1_25' title='bbox 816 508 974 593; x_wconf 87' lang='lat' dir='ltr'>detrahit,</span> <span class='ocrx_word' id='word_1_26' title='bbox 1006 514 1122 575; x_wconf 86' lang='lat' dir='ltr'>tanturn</span> 
     </span>
     <span class='ocr_line' id='line_1_5' title="bbox 121 593 1123 682; baseline 0.003 -23"><span class='ocrx_word' id='word_1_27' title='bbox 121 596 217 661; x_wconf 89' lang='lat' dir='ltr'>modo</span> <span class='ocrx_word' id='word_1_28' title='bbox 249 594 368 676; x_wconf 78' lang='lat' dir='ltr'>adfert,</span> <span class='ocrx_word' id='word_1_29' title='bbox 398 593 481 658; x_wconf 91' lang='lat' dir='ltr'>nihil</span> <span class='ocrx_word' id='word_1_30' title='bbox 513 593 674 677; x_wconf 86' lang='lat' dir='ltr'>evenisse,</span> <span class='ocrx_word' id='word_1_31' title='bbox 710 594 796 679; x_wconf 92' lang='lat' dir='ltr'>quod</span> <span class='ocrx_word' id='word_1_32' title='bbox 831 617 898 660; x_wconf 93' lang='lat' dir='ltr'>non</span> <span class='ocrx_word' id='word_1_33' title='bbox 936 598 1123 682; x_wconf 89' lang='lat' dir='ltr'>opinandum</span> 
     </span>
     <span class='ocr_line' id='line_1_6' title="bbox 120 681 1143 766; baseline 0.005 -20"><span class='ocrx_word' id='word_1_34' title='bbox 120 684 245 748; x_wconf 88' lang='lat' dir='ltr'>fuisset.</span> <span class='ocrx_word' id='word_1_35' title='bbox 293 681 406 766; x_wconf 83' lang='lat' dir='ltr'>Neque</span> <span class='ocrx_word' id='word_1_36' title='bbox 433 685 544 746; x_wconf 92' lang='lat' dir='ltr'>tamen</span> <span class='ocrx_word' id='word_1_37' title='bbox 574 702 677 766; x_wconf 73' lang='lat' dir='ltr'>genua</span> <span class='ocrx_word' id='word_1_38' title='bbox 708 681 742 746; x_wconf 90' lang='lat' dir='ltr'>id</span> <span class='ocrx_word' id='word_1_39' title='bbox 769 685 928 749; x_wconf 88' lang='lat' dir='ltr'>orationis</span> <span class='ocrx_word' id='word_1_40' title='bbox 960 686 997 751; x_wconf 90' lang='lat' dir='ltr'>in</span> <span class='ocrx_word' id='word_1_41' title='bbox 1024 708 1143 751; x_wconf 75' lang='lat' dir='ltr'>conso-s</span> 
     </span>
     <span class='ocr_line' id='line_1_7' title="bbox 120 769 1124 856; baseline 0.005 -22"><span class='ocrx_word' id='word_1_42' title='bbox 120 771 218 836; x_wconf 91' lang='lat' dir='ltr'>lando</span> <span class='ocrx_word' id='word_1_43' title='bbox 244 791 311 835; x_wconf 93' lang='lat' dir='ltr'>non</span> <span class='ocrx_word' id='word_1_44' title='bbox 337 769 439 852; x_wconf 87' lang='lat' dir='ltr'>valet,</span> <span class='ocrx_word' id='word_1_45' title='bbox 474 769 530 833; x_wconf 89' lang='lat' dir='ltr'>sed</span> <span class='ocrx_word' id='word_1_46' title='bbox 562 770 596 833; x_wconf 90' lang='lat' dir='ltr'>id</span> <span class='ocrx_word' id='word_1_47' title='bbox 622 769 709 834; x_wconf 90' lang='lat' dir='ltr'>haud</span> <span class='ocrx_word' id='word_1_48' title='bbox 741 770 843 836; x_wconf 88' lang='lat' dir='ltr'>sciam</span> <span class='ocrx_word' id='word_1_49' title='bbox 875 794 919 837; x_wconf 90' lang='lat' dir='ltr'>an</span> <span class='ocrx_word' id='word_1_50' title='bbox 949 774 1124 856; x_wconf 88' lang='lat' dir='ltr'>plurimum</span> 
     </span>
     <span class='ocr_line' id='line_1_8' title="bbox 119 857 1125 946; baseline 0.003 -23"><span class='ocrx_word' id='word_1_51' title='bbox 119 859 210 943; x_wconf 76' lang='lat' dir='ltr'>Ergo</span> <span class='ocrx_word' id='word_1_52' title='bbox 245 858 311 922; x_wconf 90' lang='lat' dir='ltr'>ista</span> <span class='ocrx_word' id='word_1_53' title='bbox 340 857 533 940; x_wconf 87' lang='lat' dir='ltr'>necopinata</span> <span class='ocrx_word' id='word_1_54' title='bbox 562 879 627 921; x_wconf 92' lang='lat' dir='ltr'>non</span> <span class='ocrx_word' id='word_1_55' title='bbox 663 857 787 922; x_wconf 91' lang='lat' dir='ltr'>habent</span> <span class='ocrx_word' id='word_1_56' title='bbox 822 863 951 924; x_wconf 85' lang='lat' dir='ltr'>tantam</span> <span class='ocrx_word' id='word_1_57' title='bbox 983 862 1064 946; x_wconf 85' lang='lat' dir='ltr'>vim,</span> <span class='ocrx_word' id='word_1_58' title='bbox 1094 865 1125 925; x_wconf 87' lang='lat' dir='ltr'>ut</span> 
     </span>
     <span class='ocr_line' id='line_1_9' title="bbox 120 945 1124 1032; baseline 0.004 -22"><span class='ocrx_word' id='word_1_59' title='bbox 120 945 289 1032; x_wconf 76' lang='lat' dir='ltr'>aegritudo</span> <span class='ocrx_word' id='word_1_60' title='bbox 313 945 416 1023; x_wconf 87' lang='lat' dir='ltr'>exiis</span> <span class='ocrx_word' id='word_1_61' title='bbox 440 945 546 1010; x_wconf 86' lang='lat' dir='ltr'>omnis</span> <span class='ocrx_word' id='word_1_62' title='bbox 569 945 707 1029; x_wconf 90' lang='lat' dir='ltr'>oriatur;</span> <span class='ocrx_word' id='word_1_63' title='bbox 733 946 856 1011; x_wconf 82' lang='lat' dir='ltr'>feriunt</span> <span class='ocrx_word' id='word_1_64' title='bbox 877 949 976 1012; x_wconf 92' lang='lat' dir='ltr'>enim·</span> <span class='ocrx_word' id='word_1_65' title='bbox 996 949 1124 1014; x_wconf 80' lang='lat' dir='ltr'>fortasse</span> 
     </span>
     <span class='ocr_line' id='line_1_10' title="bbox 121 1032 1124 1119; baseline 0.004 -21"><span class='ocrx_word' id='word_1_66' title='bbox 121 1035 267 1119; x_wconf 85' lang='lat' dir='ltr'>gravius,</span> <span class='ocrx_word' id='word_1_67' title='bbox 288 1054 354 1098; x_wconf 90' lang='lat' dir='ltr'>uon</span> <span class='ocrx_word' id='word_1_68' title='bbox 371 1033 405 1096; x_wconf 93' lang='lat' dir='ltr'>id</span> <span class='ocrx_word' id='word_1_69' title='bbox 423 1032 580 1117; x_wconf 82' lang='lat' dir='ltr'>efficiunt,</span> <span class='ocrx_word' id='word_1_70' title='bbox 598 1036 636 1098; x_wconf 94' lang='lat' dir='ltr'>ut</span> <span class='ocrx_word' id='word_1_71' title='bbox 654 1055 705 1118; x_wconf 92' lang='lat' dir='ltr'>ea,</span> <span class='ocrx_word' id='word_1_72' title='bbox 726 1055 807 1117; x_wconf 81' lang='lat' dir='ltr'>quae</span> <span class='ocrx_word' id='word_1_73' title='bbox 827 1035 988 1119; x_wconf 88' lang='lat' dir='ltr'>accidant,</span> <span class='ocrx_word' id='word_1_74' title='bbox 1011 1038 1124 1102; x_wconf 88' lang='lat' dir='ltr'>maiora</span> 
     </span>
     <span class='ocr_line' id='line_1_11' title="bbox 121 1121 1152 1210; baseline 0.001 -24"><span class='ocrx_word' id='word_1_75' title='bbox 121 1123 304 1202; x_wconf 81' lang='lat' dir='ltr'>videantur3</span> <span class='ocrx_word' id='word_1_76' title='bbox 332 1121 408 1204; x_wconf 92' lang='lat' dir='ltr'>quia</span> <span class='ocrx_word' id='word_1_77' title='bbox 434 1121 577 1184; x_wconf 74' lang='lat' dir='ltr'>recentia</span> <span class='ocrx_word' id='word_1_78' title='bbox 604 1126 692 1204; x_wconf 91' lang='lat' dir='ltr'>sunt,</span> <span class='ocrx_word' id='word_1_79' title='bbox 720 1122 845 1186; x_wconf 86' lang='lat' dir='ltr'>maiora</span> <span class='ocrx_word' id='word_1_80' title='bbox 870 1123 1038 1210; x_wconf 86' lang='lat' dir='ltr'>videntur,</span> <span class='ocrx_word' id='word_1_81' title='bbox 1067 1146 1152 1190; x_wconf 85' lang='lat' dir='ltr'>nonu</span> 
     </span>
     <span class='ocr_line' id='line_1_12' title="bbox 67 1207 1124 1297; baseline 0.003 -24"><span class='ocrx_word' id='word_1_82' title='bbox 67 1232 102 1281; x_wconf 73' lang='lat' dir='ltr'>aa</span> <span class='ocrx_word' id='word_1_83' title='bbox 121 1211 197 1294; x_wconf 92' lang='lat' dir='ltr'>quia</span> <span class='ocrx_word' id='word_1_84' title='bbox 214 1208 393 1291; x_wconf 90' lang='lat' dir='ltr'>repentina.</span> <span class='ocrx_word' id='word_1_85' title='bbox 427 1207 556 1291; x_wconf 86' lang='lat' dir='ltr'>Duplex</span> <span class='ocrx_word' id='word_1_86' title='bbox 574 1211 624 1274; x_wconf 91' lang='lat' dir='ltr'>est</span> <span class='ocrx_word' id='word_1_87' title='bbox 641 1209 743 1294; x_wconf 88' lang='lat' dir='ltr'>igitur</span> <span class='ocrx_word' id='word_1_88' title='bbox 759 1210 846 1275; x_wconf 91' lang='lat' dir='ltr'>ratio</span> <span class='ocrx_word' id='word_1_89' title='bbox 865 1213 936 1275; x_wconf 85' lang='lat' dir='ltr'>veri</span> <span class='ocrx_word' id='word_1_90' title='bbox 952 1210 1124 1297; x_wconf 80' lang='lat' dir='ltr'>reperiendi</span> 
     </span>
     <span class='ocr_line' id='line_1_13' title="bbox 120 1295 1123 1386; baseline 0.002 -25"><span class='ocrx_word' id='word_1_91' title='bbox 120 1318 187 1361; x_wconf 92' lang='lat' dir='ltr'>non</span> <span class='ocrx_word' id='word_1_92' title='bbox 209 1295 307 1360; x_wconf 91' lang='lat' dir='ltr'>iniis</span> <span class='ocrx_word' id='word_1_93' title='bbox 331 1296 449 1377; x_wconf 90' lang='lat' dir='ltr'>solum,</span> <span class='ocrx_word' id='word_1_94' title='bbox 476 1317 557 1379; x_wconf 91' lang='lat' dir='ltr'>quae</span> <span class='ocrx_word' id='word_1_95' title='bbox 580 1297 680 1381; x_wconf 88' lang='lat' dir='ltr'>mala,</span> <span class='ocrx_word' id='word_1_96' title='bbox 708 1298 764 1362; x_wconf 89' lang='lat' dir='ltr'>sed</span> <span class='ocrx_word' id='word_1_97' title='bbox 785 1297 821 1361; x_wconf 93' lang='lat' dir='ltr'>in</span> <span class='ocrx_word' id='word_1_98' title='bbox 843 1298 885 1362; x_wconf 90' lang='lat' dir='ltr'>iis</span> <span class='ocrx_word' id='word_1_99' title='bbox 909 1300 1026 1386; x_wconf 91' lang='lat' dir='ltr'>etiam,</span> <span class='ocrx_word' id='word_1_100' title='bbox 1052 1321 1123 1386; x_wconf 92' lang='lat' dir='ltr'>quae</span> 
     </span>
     <span class='ocr_line' id='line_1_14' title="bbox 120 1381 1124 1473; baseline 0.001 -23"><span class='ocrx_word' id='word_1_101' title='bbox 120 1386 207 1450; x_wconf 89' lang='lat' dir='ltr'>bona</span> <span class='ocrx_word' id='word_1_102' title='bbox 229 1384 386 1448; x_wconf 85' lang='lat' dir='ltr'>videntur.</span> <span class='ocrx_word' id='word_1_103' title='bbox 434 1381 521 1448; x_wconf 90' lang='lat' dir='ltr'>Nam</span> <span class='ocrx_word' id='word_1_104' title='bbox 545 1387 601 1448; x_wconf 89' lang='lat' dir='ltr'>aut</span> <span class='ocrx_word' id='word_1_105' title='bbox 627 1385 730 1468; x_wconf 89' lang='lat' dir='ltr'>ipsius</span> <span class='ocrx_word' id='word_1_106' title='bbox 752 1385 801 1448; x_wconf 91' lang='lat' dir='ltr'>rei</span> <span class='ocrx_word' id='word_1_107' title='bbox 823 1389 945 1451; x_wconf 86' lang='lat' dir='ltr'>natura</span> <span class='ocrx_word' id='word_1_108' title='bbox 975 1390 1077 1473; x_wconf 89' lang='lat' dir='ltr'>qualis</span> <span class='ocrx_word' id='word_1_109' title='bbox 1097 1391 1124 1452; x_wconf 89' lang='lat' dir='ltr'>et</span> 
     </span>
     <span class='ocr_line' id='line_1_15' title="bbox 122 1472 1122 1557; baseline 0.005 -21"><span class='ocrx_word' id='word_1_110' title='bbox 122 1475 243 1557; x_wconf 87' lang='lat' dir='ltr'>quanta</span> <span class='ocrx_word' id='word_1_111' title='bbox 274 1472 330 1554; x_wconf 92' lang='lat' dir='ltr'>sit,</span> <span class='ocrx_word' id='word_1_112' title='bbox 363 1472 561 1556; x_wconf 88' lang='lat' dir='ltr'>quaerimus,</span> <span class='ocrx_word' id='word_1_113' title='bbox 592 1475 629 1536; x_wconf 89' lang='lat' dir='ltr'>ut</span> <span class='ocrx_word' id='word_1_114' title='bbox 661 1473 700 1536; x_wconf 89' lang='lat' dir='ltr'>de</span> <span class='ocrx_word' id='word_1_115' title='bbox 726 1477 921 1556; x_wconf 88' lang='lat' dir='ltr'>paupertate</span> <span class='ocrx_word' id='word_1_116' title='bbox 948 1497 1017 1541; x_wconf 92' lang='lat' dir='ltr'>non</span> <span class='ocrx_word' id='word_1_117' title='bbox 1044 1497 1122 1541; x_wconf 90' lang='lat' dir='ltr'>num·</span> 
     </span>
     <span class='ocr_line' id='line_1_16' title="bbox 122 1558 1149 1649; baseline -0.001 -24"><span class='ocrx_word' id='word_1_118' title='bbox 122 1582 231 1645; x_wconf 91' lang='lat' dir='ltr'>quam,</span> <span class='ocrx_word' id='word_1_119' title='bbox 255 1561 443 1624; x_wconf 88' lang='lat' dir='ltr'>cuius&#39;onus</span> <span class='ocrx_word' id='word_1_120' title='bbox 462 1558 656 1642; x_wconf 90' lang='lat' dir='ltr'>disputando</span> <span class='ocrx_word' id='word_1_121' title='bbox 674 1561 820 1625; x_wconf 83' lang='lat' dir='ltr'>levamus</span> <span class='ocrx_word' id='word_1_122' title='bbox 847 1561 1017 1648; x_wconf 89' lang='lat' dir='ltr'>docentes,</span> <span class='ocrx_word' id='word_1_123' title='bbox 1039 1583 1149 1649; x_wconf 79' lang='lat' dir='ltr'>quana</span> 
     </span>
     <span class='ocr_line' id='line_1_17' title="bbox 121 1647 1122 1737; baseline 0 -23"><span class='ocrx_word' id='word_1_124' title='bbox 121 1671 222 1733; x_wconf 84' lang='lat' dir='ltr'>parva</span> <span class='ocrx_word' id='word_1_125' title='bbox 240 1650 273 1712; x_wconf 89' lang='lat' dir='ltr'>et</span> <span class='ocrx_word' id='word_1_126' title='bbox 295 1669 392 1732; x_wconf 89' lang='lat' dir='ltr'>quam</span> <span class='ocrx_word' id='word_1_127' title='bbox 412 1668 518 1730; x_wconf 90' lang='lat' dir='ltr'>pauca</span> <span class='ocrx_word' id='word_1_128' title='bbox 535 1647 614 1731; x_wconf 89' lang='lat' dir='ltr'>sint,</span> <span class='ocrx_word' id='word_1_129' title='bbox 638 1670 719 1731; x_wconf 89' lang='lat' dir='ltr'>quae</span> <span class='ocrx_word' id='word_1_130' title='bbox 742 1651 860 1713; x_wconf 90' lang='lat' dir='ltr'>natura</span> <span class='ocrx_word' id='word_1_131' title='bbox 883 1649 1057 1737; x_wconf 87' lang='lat' dir='ltr'>desideret,</span> <span class='ocrx_word' id='word_1_132' title='bbox 1076 1655 1122 1717; x_wconf 86' lang='lat' dir='ltr'>aut</span> 
     </span>
     <span class='ocr_line' id='line_1_18' title="bbox 120 1706 1167 1823; baseline 0.004 -22"><span class='ocrx_word' id='word_1_133' title='bbox 120 1759 141 1801; x_wconf 89' lang='lat' dir='ltr'>a</span> <span class='ocrx_word' id='word_1_134' title='bbox 172 1735 359 1819; x_wconf 90' lang='lat' dir='ltr'>disputandi</span> <span class='ocrx_word' id='word_1_135' title='bbox 391 1735 574 1800; x_wconf 90' lang='lat' dir='ltr'>subtilitate</span> <span class='ocrx_word' id='word_1_136' title='bbox 607 1736 787 1801; x_wconf 89' lang='lat' dir='ltr'>orationem</span> <span class='ocrx_word' id='word_1_137' title='bbox 820 1735 861 1800; x_wconf 90' lang='lat' dir='ltr'>ad</span> <span class='ocrx_word' id='word_1_138' title='bbox 892 1741 1043 1823; x_wconf 85' lang='lat' dir='ltr'>exempla</span> <span class='ocrx_word' id='word_1_139' title='bbox 1068 1743 1121 1804; x_wconf 83' lang='lat' dir='ltr'>tra·</span> <span class='ocrx_word' id='word_1_140' title='bbox 1164 1706 1167 1777; x_wconf 61' lang='grc' dir='ltr'>Ι</span> 
     </span>
    </p>
   </div>
   <div class='ocr_carea' id='block_1_3' title="bbox 120 1821 1120 1977">
    <p class='ocr_par' dir='ltr' id='par_1_3' title="bbox 120 1821 1120 1977">
     <span class='ocr_line' id='line_1_19' title="bbox 121 1821 1120 1914; baseline 0.002 -25"><span class='ocrx_word' id='word_1_141' title='bbox 121 1825 275 1889; x_wconf 86' lang='lat' dir='ltr'>ducimus.</span> <span class='ocrx_word' id='word_1_142' title='bbox 320 1823 383 1888; x_wconf 93' lang='lat' dir='ltr'>Hic</span> <span class='ocrx_word' id='word_1_143' title='bbox 404 1821 554 1889; x_wconf 78' lang='lat' dir='ltr'>Socrates</span> <span class='ocrx_word' id='word_1_144' title='bbox 577 1826 860 1908; x_wconf 84' lang='lat' dir='ltr'>commemoratur,</span> <span class='ocrx_word' id='word_1_145' title='bbox 882 1824 939 1890; x_wconf 92' lang='lat' dir='ltr'>hic</span> <span class='ocrx_word' id='word_1_146' title='bbox 961 1825 1120 1914; x_wconf 83' lang='lat' dir='ltr'>Diogenes,</span> 
     </span>
     <span class='ocr_line' id='line_1_20' title="bbox 120 1910 537 1977; baseline -0.007 0"><span class='ocrx_word' id='word_1_147' title='bbox 120 1913 173 1977; x_wconf 90' lang='lat' dir='ltr'>hio</span> <span class='ocrx_word' id='word_1_148' title='bbox 198 1910 419 1976; x_wconf 83' lang='lat' dir='ltr'>Caecilianum</span> <span class='ocrx_word' id='word_1_149' title='bbox 443 1911 537 1975; x_wconf 90' lang='lat' dir='ltr'>illud:</span> 
     </span>
    </p>
   </div>
   <div class='ocr_carea' id='block_1_4' title="bbox 187 2033 1146 2208">
    <p class='ocr_par' dir='ltr' id='par_1_4' title="bbox 187 2033 1146 2208">
     <span class='ocr_line' id='line_1_21' title="bbox 187 2033 1146 2192; baseline -0.001 -93"><span class='ocrx_word' id='word_1_150' title='bbox 187 2033 307 2116; x_wconf 76' lang='lat' dir='ltr'>Saepe</span> <span class='ocrx_word' id='word_1_151' title='bbox 339 2037 398 2097; x_wconf 90' lang='lat' dir='ltr'>est</span> <span class='ocrx_word' id='word_1_152' title='bbox 430 2033 544 2097; x_wconf 88' lang='lat' dir='ltr'>etiam</span> <span class='ocrx_word' id='word_1_153' title='bbox 577 2035 647 2098; x_wconf 80' lang='lat' dir='ltr'>sub</span> <span class='ocrx_word' id='word_1_154' title='bbox 679 2034 844 2118; x_wconf 90' lang='lat' dir='ltr'>palliolo</span> <span class='ocrx_word' id='word_1_155' title='bbox 878 2038 1040 2192; x_wconf 55' lang='lat' dir='ltr'>sdqditdo</span> <span class='ocrx_word' id='word_1_156' title='bbox 1074 2056 1146 2103; x_wconf 76' lang='lat' dir='ltr'>sau</span> 
     </span>
     <span class='ocr_line' id='line_1_22' title="bbox 882 2147 1048 2208; baseline 0.012 -18"><span class='ocrx_word' id='word_1_157' title='bbox 882 2147 977 2208; x_wconf 87' lang='lat' dir='ltr'>pren</span> <span class='ocrx_word' id='word_1_158' title='bbox 1001 2149 1048 2192; x_wconf 87' lang='lat' dir='ltr'>ra.</span> 
     </span>
    </p>
   </div>
   <div class='ocr_carea' id='block_1_5' title="bbox 67 2262 1167 3579">
    <p class='ocr_par' dir='ltr' id='par_1_5' title="bbox 67 2262 1167 3579">
     <span class='ocr_line' id='line_1_23' title="bbox 120 2262 1167 2351; baseline 0.003 -21"><span class='ocrx_word' id='word_1_159' title='bbox 120 2262 202 2330; x_wconf 84' lang='lat' dir='ltr'>Cum</span> <span class='ocrx_word' id='word_1_160' title='bbox 222 2262 307 2342; x_wconf 88' lang='lat' dir='ltr'>enim</span> <span class='ocrx_word' id='word_1_161' title='bbox 330 2263 531 2346; x_wconf 84' lang='lat' dir='ltr'>paupertatis</span> <span class='ocrx_word' id='word_1_162' title='bbox 549 2284 614 2326; x_wconf 85' lang='lat' dir='ltr'>una</span> <span class='ocrx_word' id='word_1_163' title='bbox 632 2263 804 2347; x_wconf 89' lang='lat' dir='ltr'>eademque</span> <span class='ocrx_word' id='word_1_164' title='bbox 824 2265 869 2328; x_wconf 92' lang='lat' dir='ltr'>sit</span> <span class='ocrx_word' id='word_1_165' title='bbox 891 2266 958 2351; x_wconf 86' lang='lat' dir='ltr'>vis,</span> <span class='ocrx_word' id='word_1_166' title='bbox 982 2268 1121 2351; x_wconf 75' lang='lat' dir='ltr'>quidnam</span> <span class='ocrx_word' id='word_1_167' title='bbox 1165 2292 1167 2307; x_wconf 78' lang='lat'><strong>¹</strong></span> 
     </span>
     <span class='ocr_line' id='line_1_24' title="bbox 121 2348 1122 2434; baseline 0 -18"><span class='ocrx_word' id='word_1_168' title='bbox 121 2351 184 2416; x_wconf 90' lang='lat' dir='ltr'>dici</span> <span class='ocrx_word' id='word_1_169' title='bbox 209 2352 331 2434; x_wconf 86' lang='lat' dir='ltr'>potest,</span> <span class='ocrx_word' id='word_1_170' title='bbox 359 2372 456 2434; x_wconf 91' lang='lat' dir='ltr'>quam</span> <span class='ocrx_word' id='word_1_171' title='bbox 483 2350 524 2415; x_wconf 92' lang='lat' dir='ltr'>ob</span> <span class='ocrx_word' id='word_1_172' title='bbox 552 2371 621 2414; x_wconf 91' lang='lat' dir='ltr'>rem</span> <span class='ocrx_word' id='word_1_173' title='bbox 648 2348 682 2415; x_wconf 83' lang='grc' dir='ltr'>Ο.</span> <span class='ocrx_word' id='word_1_174' title='bbox 705 2350 855 2416; x_wconf 84' lang='lat' dir='ltr'>Fabricio</span> <span class='ocrx_word' id='word_1_175' title='bbox 885 2353 1069 2420; x_wconf 89' lang='lat' dir='ltr'>tolerabilis</span> <span class='ocrx_word' id='word_1_176' title='bbox 1092 2375 1122 2417; x_wconf 87' lang='lat' dir='ltr'>ea</span> 
     </span>
     <span class='ocr_line' id='line_1_25' title="bbox 67 2437 1123 2526; baseline -0.001 -22"><span class='ocrx_word' id='word_1_177' title='bbox 67 2461 102 2510; x_wconf 69' lang='grc' dir='ltr'>ετ</span> <span class='ocrx_word' id='word_1_178' title='bbox 121 2440 233 2520; x_wconf 80' lang='lat' dir='ltr'>fuerit,</span> <span class='ocrx_word' id='word_1_179' title='bbox 256 2438 314 2503; x_wconf 89' lang='lat' dir='ltr'>alii</span> <span class='ocrx_word' id='word_1_180' title='bbox 336 2441 457 2521; x_wconf 87' lang='lat' dir='ltr'>negent</span> <span class='ocrx_word' id='word_1_181' title='bbox 480 2458 513 2501; x_wconf 89' lang='lat' dir='ltr'>se</span> <span class='ocrx_word' id='word_1_182' title='bbox 535 2437 620 2501; x_wconf 84' lang='lat' dir='ltr'>ferre</span> <span class='ocrx_word' id='word_1_183' title='bbox 642 2438 760 2522; x_wconf 83' lang='lat' dir='ltr'>posse?</span> <span class='ocrx_word' id='word_1_184' title='bbox 804 2439 890 2504; x_wconf 90' lang='lat' dir='ltr'>Huic</span> <span class='ocrx_word' id='word_1_185' title='bbox 913 2441 1019 2526; x_wconf 88' lang='lat' dir='ltr'>igitur</span> <span class='ocrx_word' id='word_1_186' title='bbox 1042 2439 1123 2508; x_wconf 89' lang='lat' dir='ltr'>alteri</span> 
     </span>
     <span class='ocr_line' id='line_1_26' title="bbox 122 2525 1123 2612; baseline 0 -20"><span class='ocrx_word' id='word_1_187' title='bbox 122 2528 232 2612; x_wconf 83' lang='lat' dir='ltr'>generi</span> <span class='ocrx_word' id='word_1_188' title='bbox 254 2525 368 2590; x_wconf 89' lang='lat' dir='ltr'>similis</span> <span class='ocrx_word' id='word_1_189' title='bbox 391 2528 441 2589; x_wconf 87' lang='lat' dir='ltr'>est</span> <span class='ocrx_word' id='word_1_190' title='bbox 463 2546 501 2589; x_wconf 87' lang='lat' dir='ltr'>ea</span> <span class='ocrx_word' id='word_1_191' title='bbox 523 2526 606 2589; x_wconf 89' lang='lat' dir='ltr'>ratio</span> <span class='ocrx_word' id='word_1_192' title='bbox 628 2526 831 2609; x_wconf 89' lang='lat' dir='ltr'>consolandi,</span> <span class='ocrx_word' id='word_1_193' title='bbox 853 2549 937 2611; x_wconf 87' lang='lat' dir='ltr'>quae</span> <span class='ocrx_word' id='word_1_194' title='bbox 960 2530 1058 2596; x_wconf 90' lang='lat' dir='ltr'>docet</span> <span class='ocrx_word' id='word_1_195' title='bbox 1077 2529 1123 2593; x_wconf 91' lang='lat' dir='ltr'>hu·</span> 
     </span>
     <span class='ocr_line' id='line_1_27' title="bbox 122 2613 1150 2704; baseline -0.002 -24"><span class='ocrx_word' id='word_1_196' title='bbox 122 2637 218 2680; x_wconf 91' lang='lat' dir='ltr'>mana</span> <span class='ocrx_word' id='word_1_197' title='bbox 241 2634 324 2696; x_wconf 89' lang='lat' dir='ltr'>esse,</span> <span class='ocrx_word' id='word_1_198' title='bbox 347 2634 429 2696; x_wconf 90' lang='lat' dir='ltr'>quae</span> <span class='ocrx_word' id='word_1_199' title='bbox 453 2613 635 2678; x_wconf 90' lang='lat' dir='ltr'>acciderint.</span> <span class='ocrx_word' id='word_1_200' title='bbox 669 2613 746 2679; x_wconf 90' lang='lat' dir='ltr'>Non</span> <span class='ocrx_word' id='word_1_201' title='bbox 764 2614 851 2678; x_wconf 89' lang='lat' dir='ltr'>enim</span> <span class='ocrx_word' id='word_1_202' title='bbox 873 2615 907 2679; x_wconf 90' lang='lat' dir='ltr'>id</span> <span class='ocrx_word' id='word_1_203' title='bbox 930 2618 1150 2704; x_wconf 27' lang='lat' dir='ltr'>solumtcona</span> 
     </span>
     <span class='ocr_line' id='line_1_28' title="bbox 121 2701 1123 2791; baseline 0.003 -24"><span class='ocrx_word' id='word_1_204' title='bbox 121 2704 204 2767; x_wconf 90' lang='lat' dir='ltr'>tinet</span> <span class='ocrx_word' id='word_1_205' title='bbox 235 2723 274 2779; x_wconf 85' lang='lat' dir='ltr'>ea</span> <span class='ocrx_word' id='word_1_206' title='bbox 305 2701 497 2784; x_wconf 88' lang='lat' dir='ltr'>disputatio,</span> <span class='ocrx_word' id='word_1_207' title='bbox 528 2703 566 2764; x_wconf 88' lang='lat' dir='ltr'>ut</span> <span class='ocrx_word' id='word_1_208' title='bbox 597 2701 815 2785; x_wconf 88' lang='lat' dir='ltr'>cognitionem</span> <span class='ocrx_word' id='word_1_209' title='bbox 847 2702 976 2770; x_wconf 87' lang='lat' dir='ltr'>adferat</span> <span class='ocrx_word' id='word_1_210' title='bbox 1008 2705 1123 2791; x_wconf 87' lang='lat' dir='ltr'>generis</span> 
     </span>
     <span class='ocr_line' id='line_1_29' title="bbox 121 2787 1125 2874; baseline 0.001 -21"><span class='ocrx_word' id='word_1_211' title='bbox 121 2790 265 2872; x_wconf 90' lang='lat' dir='ltr'>humani,</span> <span class='ocrx_word' id='word_1_212' title='bbox 284 2789 338 2852; x_wconf 88' lang='lat' dir='ltr'>sed</span> <span class='ocrx_word' id='word_1_213' title='bbox 363 2789 523 2872; x_wconf 85' lang='lat' dir='ltr'>significat</span> <span class='ocrx_word' id='word_1_214' title='bbox 544 2787 732 2854; x_wconf 90' lang='lat' dir='ltr'>tolerabilia</span> <span class='ocrx_word' id='word_1_215' title='bbox 748 2811 828 2872; x_wconf 88' lang='lat' dir='ltr'>esse,</span> <span class='ocrx_word' id='word_1_216' title='bbox 846 2812 931 2874; x_wconf 89' lang='lat' dir='ltr'>quae</span> <span class='ocrx_word' id='word_1_217' title='bbox 950 2795 985 2856; x_wconf 87' lang='lat' dir='ltr'>et</span> <span class='ocrx_word' id='word_1_218' title='bbox 1001 2793 1125 2859; x_wconf 87' lang='lat' dir='ltr'>tulerint</span> 
     </span>
     <span class='ocr_line' id='line_1_30' title="bbox 67 2874 1125 2963; baseline 0.002 -23"><span class='ocrx_word' id='word_1_219' title='bbox 67 2884 113 2946; x_wconf 77' lang='grc'>24</span> <span class='ocrx_word' id='word_1_220' title='bbox 123 2880 156 2940; x_wconf 92' lang='lat' dir='ltr'>et</span> <span class='ocrx_word' id='word_1_221' title='bbox 172 2878 280 2940; x_wconf 87' lang='lat' dir='ltr'>ferant</span> <span class='ocrx_word' id='word_1_222' title='bbox 298 2877 404 2940; x_wconf 89' lang='lat' dir='ltr'>ceteri.</span> <span class='ocrx_word' id='word_1_223' title='bbox 440 2874 489 2940; x_wconf 92' lang='lat' dir='ltr'>De</span> <span class='ocrx_word' id='word_1_224' title='bbox 507 2879 699 2959; x_wconf 88' lang='lat' dir='ltr'>paupertate</span> <span class='ocrx_word' id='word_1_225' title='bbox 718 2878 836 2961; x_wconf 88' lang='lat' dir='ltr'>agitur,</span> <span class='ocrx_word' id='word_1_226' title='bbox 857 2879 953 2944; x_wconf 91' lang='lat' dir='ltr'>multi</span> <span class='ocrx_word' id='word_1_227' title='bbox 972 2883 1125 2963; x_wconf 83' lang='lat' dir='ltr'>patientes</span> 
     </span>
     <span class='ocr_line' id='line_1_31' title="bbox 122 2964 1126 3048; baseline 0.004 -20"><span class='ocrx_word' id='word_1_228' title='bbox 122 2984 281 3048; x_wconf 86' lang='lat' dir='ltr'>pauperes</span> <span class='ocrx_word' id='word_1_229' title='bbox 318 2967 622 3046; x_wconf 62' lang='lat' dir='ltr'>commemorantum</span> <span class='ocrx_word' id='word_1_230' title='bbox 661 2964 700 3028; x_wconf 89' lang='lat' dir='ltr'>de</span> <span class='ocrx_word' id='word_1_231' title='bbox 732 2966 967 3032; x_wconf 89' lang='lat' dir='ltr'>contemnendo</span> <span class='ocrx_word' id='word_1_232' title='bbox 1005 2969 1126 3046; x_wconf 86' lang='lat' dir='ltr'>honore,</span> 
     </span>
     <span class='ocr_line' id='line_1_32' title="bbox 122 3049 1152 3140; baseline 0 -24"><span class='ocrx_word' id='word_1_233' title='bbox 122 3051 216 3116; x_wconf 89' lang='lat' dir='ltr'>multi</span> <span class='ocrx_word' id='word_1_234' title='bbox 242 3049 430 3114; x_wconf 90' lang='lat' dir='ltr'>inhonorati</span> <span class='ocrx_word' id='word_1_235' title='bbox 455 3051 678 3136; x_wconf 87' lang='lat' dir='ltr'>proferuntur,</span> <span class='ocrx_word' id='word_1_236' title='bbox 713 3055 746 3117; x_wconf 89' lang='lat' dir='ltr'>et</span> <span class='ocrx_word' id='word_1_237' title='bbox 777 3053 905 3136; x_wconf 91' lang='lat' dir='ltr'>quidem</span> <span class='ocrx_word' id='word_1_238' title='bbox 937 3061 1072 3140; x_wconf 88' lang='lat' dir='ltr'>propter</span> <span class='ocrx_word' id='word_1_239' title='bbox 1098 3053 1152 3118; x_wconf 80' lang='lat' dir='ltr'>ida</span> 
     </span>
     <span class='ocr_line' id='line_1_33' title="bbox 122 3137 1126 3225; baseline 0.001 -21"><span class='ocrx_word' id='word_1_240' title='bbox 122 3142 229 3223; x_wconf 90' lang='lat' dir='ltr'>ipsum</span> <span class='ocrx_word' id='word_1_241' title='bbox 255 3137 430 3221; x_wconf 85' lang='lat' dir='ltr'>beatiores,</span> <span class='ocrx_word' id='word_1_242' title='bbox 463 3161 649 3224; x_wconf 88' lang='lat' dir='ltr'>eorumque,</span> <span class='ocrx_word' id='word_1_243' title='bbox 679 3141 735 3224; x_wconf 89' lang='lat' dir='ltr'>qui</span> <span class='ocrx_word' id='word_1_244' title='bbox 761 3141 925 3225; x_wconf 82' lang='lat' dir='ltr'>privatum</span> <span class='ocrx_word' id='word_1_245' title='bbox 954 3145 1060 3209; x_wconf 92' lang='lat' dir='ltr'>otium</span> <span class='ocrx_word' id='word_1_246' title='bbox 1080 3163 1126 3207; x_wconf 78' lang='lat' dir='ltr'>ne</span> 
     </span>
     <span class='ocr_line' id='line_1_34' title="bbox 123 3225 1127 3312; baseline 0.004 -21"><span class='ocrx_word' id='word_1_247' title='bbox 123 3227 222 3312; x_wconf 89' lang='lat' dir='ltr'>gotiis</span> <span class='ocrx_word' id='word_1_248' title='bbox 245 3225 382 3309; x_wconf 90' lang='lat' dir='ltr'>publicis</span> <span class='ocrx_word' id='word_1_249' title='bbox 407 3227 638 3310; x_wconf 88' lang='lat' dir='ltr'>antetulerunt,</span> <span class='ocrx_word' id='word_1_250' title='bbox 664 3228 857 3293; x_wconf 90' lang='lat' dir='ltr'>nominatim</span> <span class='ocrx_word' id='word_1_251' title='bbox 880 3230 950 3294; x_wconf 84' lang='lat' dir='ltr'>vita</span> <span class='ocrx_word' id='word_1_252' title='bbox 976 3232 1127 3309; x_wconf 89' lang='lat' dir='ltr'>laudatur,</span> 
     </span>
     <span class='ocr_line' id='line_1_35' title="bbox 122 3312 1127 3402; baseline 0.003 -23"><span class='ocrx_word' id='word_1_253' title='bbox 122 3336 180 3379; x_wconf 92' lang='lat' dir='ltr'>nec</span> <span class='ocrx_word' id='word_1_254' title='bbox 209 3314 322 3377; x_wconf 89' lang='lat' dir='ltr'>siletur</span> <span class='ocrx_word' id='word_1_255' title='bbox 348 3312 431 3377; x_wconf 89' lang='lat' dir='ltr'>illud</span> <span class='ocrx_word' id='word_1_256' title='bbox 460 3315 678 3395; x_wconf 87' lang='lat' dir='ltr'>potentissimi</span> <span class='ocrx_word' id='word_1_257' title='bbox 709 3317 794 3401; x_wconf 86' lang='lat' dir='ltr'>regis</span> <span class='ocrx_word' id='word_1_258' title='bbox 824 3324 1051 3402; x_wconf 87' lang='lat' dir='ltr'>anapaestum,</span> <span class='ocrx_word' id='word_1_259' title='bbox 1080 3317 1127 3402; x_wconf 89' lang='lat' dir='ltr'>qui</span> 
     </span>
     <span class='ocr_line' id='line_1_36' title="bbox 122 3400 1126 3492; baseline 0.003 -25"><span class='ocrx_word' id='word_1_260' title='bbox 122 3402 235 3467; x_wconf 90' lang='lat' dir='ltr'>laudat</span> <span class='ocrx_word' id='word_1_261' title='bbox 254 3423 363 3466; x_wconf 90' lang='lat' dir='ltr'>senem</span> <span class='ocrx_word' id='word_1_262' title='bbox 385 3403 418 3465; x_wconf 91' lang='lat' dir='ltr'>et</span> <span class='ocrx_word' id='word_1_263' title='bbox 440 3400 642 3467; x_wconf 85' lang='lat' dir='ltr'>fortunatum</span> <span class='ocrx_word' id='word_1_264' title='bbox 660 3425 730 3467; x_wconf 89' lang='lat' dir='ltr'>esse</span> <span class='ocrx_word' id='word_1_265' title='bbox 753 3404 845 3488; x_wconf 88' lang='lat' dir='ltr'>dicit,</span> <span class='ocrx_word' id='word_1_266' title='bbox 867 3406 953 3489; x_wconf 91' lang='lat' dir='ltr'>quod</span> <span class='ocrx_word' id='word_1_267' title='bbox 975 3407 1126 3492; x_wconf 86' lang='lat' dir='ltr'>inglorius</span> 
     </span>
     <span class='ocr_line' id='line_1_37' title="bbox 118 3487 1154 3579; baseline -0.003 -22"><span class='ocrx_word' id='word_1_268' title='bbox 118 3491 166 3557; x_wconf 82' lang='lat' dir='ltr'>sit</span> <span class='ocrx_word' id='word_1_269' title='bbox 197 3493 294 3579; x_wconf 85' lang='lat' dir='ltr'>atquc</span> <span class='ocrx_word' id='word_1_270' title='bbox 325 3487 480 3577; x_wconf 86' lang='lat' dir='ltr'>ignobilis</span> <span class='ocrx_word' id='word_1_271' title='bbox 509 3487 549 3553; x_wconf 88' lang='lat' dir='ltr'>ad</span> <span class='ocrx_word' id='word_1_272' title='bbox 576 3511 760 3573; x_wconf 90' lang='lat' dir='ltr'>supremum</span> <span class='ocrx_word' id='word_1_273' title='bbox 792 3492 878 3557; x_wconf 89' lang='lat' dir='ltr'>diem</span> <span class='ocrx_word' id='word_1_274' title='bbox 909 3501 1154 3577; x_wconf 80' lang='lat' dir='ltr'>perventurusu</span> 
     </span>
    </p>
   </div>
   <div class='ocr_carea' id='block_1_6' title="bbox 0 0 1178 3876">
    <p class='ocr_par' dir='ltr' id='par_1_6' title="bbox 0 0 1178 3876">
     <span class='ocr_line' id='line_1_38' title="bbox 0 0 1178 3876; baseline 0 0"><span class='ocrx_word' id='word_1_275' title='bbox 0 0 1178 3876; x_wconf 95' lang='lat' dir='ltr'> </span> 
     </span>
    </p>
   </div>
  </div>
 </body>
</html>
