<?xml version="1.0" encoding="UTF-8"?>
<!DOCTYPE html PUBLIC "-//W3C//DTD XHTML 1.0 Transitional//EN"
    "http://www.w3.org/TR/xhtml1/DTD/xhtml1-transitional.dtd">
<html xmlns="http://www.w3.org/1999/xhtml" xml:lang="en" lang="en">
 <head>
  <title>
</title>
<meta http-equiv="Content-Type" content="text/html;charset=utf-8" />
  <meta name='ocr-system' content='tesseract 3.04.00' />
  <meta name='ocr-capabilities' content='ocr_page ocr_carea ocr_par ocr_line ocrx_word'/>
</head>
<body>
  <div class='ocr_page' id='page_1' title='image "./mtulliiciceroni00mlgoog_0270.png"; bbox 0 0 2346 3876; ppageno 0'>
   <div class='ocr_carea' id='block_1_1' title="bbox 227 151 1021 238">
    <p class='ocr_par' dir='ltr' id='par_1_1' title="bbox 227 151 1021 238">
     <span class='ocr_line' id='line_1_1' title="bbox 227 151 1021 238; baseline 0.015 -15"><span class='ocrx_word' id='word_1_1' title='bbox 227 151 304 224; x_wconf 72' lang='lat' dir='ltr'>nm.</span> <span class='ocrx_word' id='word_1_2' title='bbox 322 170 369 226; x_wconf 86' lang='lat' dir='ltr'>lv.</span> <span class='ocrx_word' id='word_1_3' title='bbox 398 157 476 225; x_wconf 76' lang='lat' dir='ltr'>CAP.</span> <span class='ocrx_word' id='word_1_4' title='bbox 497 175 617 226; x_wconf 84' lang='lat' dir='ltr'>rr—ro.</span> <span class='ocrx_word' id='word_1_5' title='bbox 646 175 803 238; x_wconf 70' lang='lat' dir='ltr'>§rr-sa.</span> <span class='ocrx_word' id='word_1_6' title='bbox 959 172 1021 235; x_wconf 75' lang='lat'>221</span> 
     </span>
    </p>
   </div>
   <div class='ocr_carea' id='block_1_2' title="bbox 34 329 1114 3587">
    <p class='ocr_par' dir='ltr' id='par_1_2' title="bbox 34 329 1077 2529">
     <span class='ocr_line' id='line_1_2' title="bbox 44 329 1077 417; baseline 0.008 -22"><span class='ocrx_word' id='word_1_7' title='bbox 44 331 151 396; x_wconf 73' lang='lat' dir='ltr'>volunt?</span> <span class='ocrx_word' id='word_1_8' title='bbox 195 330 267 396; x_wconf 90' lang='lat' dir='ltr'>Iam</span> <span class='ocrx_word' id='word_1_9' title='bbox 299 335 355 397; x_wconf 85' lang='lat' dir='ltr'>aut</span> <span class='ocrx_word' id='word_1_10' title='bbox 382 329 533 416; x_wconf 78' lang='lat' dir='ltr'>Callipho</span> <span class='ocrx_word' id='word_1_11' title='bbox 562 335 618 396; x_wconf 85' lang='lat' dir='ltr'>aut</span> <span class='ocrx_word' id='word_1_12' title='bbox 644 331 806 397; x_wconf 91' lang='lat' dir='ltr'>Diodorus</span> <span class='ocrx_word' id='word_1_13' title='bbox 834 355 897 417; x_wconf 91' lang='lat' dir='ltr'>quo</span> <span class='ocrx_word' id='word_1_14' title='bbox 928 335 1023 399; x_wconf 91' lang='lat' dir='ltr'>modo</span> <span class='ocrx_word' id='word_1_15' title='bbox 1044 356 1077 404; x_wconf 85' lang='lat'>50</span> 
     </span>
     <span class='ocr_line' id='line_1_3' title="bbox 43 419 1023 504; baseline 0.004 -21"><span class='ocrx_word' id='word_1_16' title='bbox 43 422 170 500; x_wconf 88' lang='lat' dir='ltr'>poterunt</span> <span class='ocrx_word' id='word_1_17' title='bbox 186 420 249 484; x_wconf 88' lang='lat' dir='ltr'>tibi</span> <span class='ocrx_word' id='word_1_18' title='bbox 268 419 355 485; x_wconf 90' lang='lat' dir='ltr'>istud</span> <span class='ocrx_word' id='word_1_19' title='bbox 374 420 561 504; x_wconf 78' lang='lat' dir='ltr'>concedere,</span> <span class='ocrx_word' id='word_1_20' title='bbox 578 421 634 504; x_wconf 92' lang='lat' dir='ltr'>qui</span> <span class='ocrx_word' id='word_1_21' title='bbox 652 421 692 484; x_wconf 90' lang='lat' dir='ltr'>ad</span> <span class='ocrx_word' id='word_1_22' title='bbox 709 421 915 487; x_wconf 79' lang='lat' dir='ltr'>honestatem</span> <span class='ocrx_word' id='word_1_23' title='bbox 935 424 1023 487; x_wconf 91' lang='lat' dir='ltr'>aliud</span> 
     </span>
     <span class='ocr_line' id='line_1_4' title="bbox 44 505 1025 593; baseline 0.005 -22"><span class='ocrx_word' id='word_1_24' title='bbox 44 505 209 593; x_wconf 80' lang='lat' dir='ltr'>adiungunt,</span> <span class='ocrx_word' id='word_1_25' title='bbox 237 508 322 591; x_wconf 92' lang='lat' dir='ltr'>quod</span> <span class='ocrx_word' id='word_1_26' title='bbox 350 529 388 572; x_wconf 86' lang='lat' dir='ltr'>ex</span> <span class='ocrx_word' id='word_1_27' title='bbox 416 508 527 573; x_wconf 88' lang='lat' dir='ltr'>eodem</span> <span class='ocrx_word' id='word_1_28' title='bbox 557 528 675 592; x_wconf 84' lang='lat' dir='ltr'>genere</span> <span class='ocrx_word' id='word_1_29' title='bbox 701 530 769 574; x_wconf 89' lang='lat' dir='ltr'>non</span> <span class='ocrx_word' id='word_1_30' title='bbox 795 508 858 573; x_wconf 81' lang='lat' dir='ltr'>sit?</span> <span class='ocrx_word' id='word_1_31' title='bbox 912 510 1025 576; x_wconf 85' lang='lat' dir='ltr'>Placet</span> 
     </span>
     <span class='ocr_line' id='line_1_5' title="bbox 43 592 1024 682; baseline 0.007 -26"><span class='ocrx_word' id='word_1_32' title='bbox 43 592 118 678; x_wconf 80' lang='lat' dir='ltr'>igitur</span> <span class='ocrx_word' id='word_1_33' title='bbox 142 596 218 679; x_wconf 89' lang='lat' dir='ltr'>tibi,</span> <span class='ocrx_word' id='word_1_34' title='bbox 249 593 346 680; x_wconf 81' lang='lat' dir='ltr'>Cato,</span> <span class='ocrx_word' id='word_1_35' title='bbox 373 617 446 661; x_wconf 88' lang='lat' dir='ltr'>cum</span> <span class='ocrx_word' id='word_1_36' title='bbox 472 617 524 660; x_wconf 88' lang='lat' dir='ltr'>res</span> <span class='ocrx_word' id='word_1_37' title='bbox 553 596 729 679; x_wconf 85' lang='lat' dir='ltr'>sumpseris</span> <span class='ocrx_word' id='word_1_38' title='bbox 758 618 823 662; x_wconf 90' lang='lat' dir='ltr'>non</span> <span class='ocrx_word' id='word_1_39' title='bbox 846 619 1024 682; x_wconf 88' lang='lat' dir='ltr'>concessas,</span> 
     </span>
     <span class='ocr_line' id='line_1_6' title="bbox 34 683 1023 770; baseline 0.003 -23"><span class='ocrx_word' id='word_1_40' title='bbox 34 701 69 746; x_wconf 80' lang='lat' dir='ltr'>cx</span> <span class='ocrx_word' id='word_1_41' title='bbox 87 683 149 748; x_wconf 90' lang='lat' dir='ltr'>illis</span> <span class='ocrx_word' id='word_1_42' title='bbox 177 683 317 767; x_wconf 89' lang='lat' dir='ltr'>efficere,</span> <span class='ocrx_word' id='word_1_43' title='bbox 345 684 431 768; x_wconf 92' lang='lat' dir='ltr'>quod</span> <span class='ocrx_word' id='word_1_44' title='bbox 458 684 561 749; x_wconf 78' lang='lat' dir='ltr'>relis‘?</span> <span class='ocrx_word' id='word_1_45' title='bbox 613 684 683 749; x_wconf 89' lang='lat' dir='ltr'>Iam</span> <span class='ocrx_word' id='word_1_46' title='bbox 709 685 765 749; x_wconf 88' lang='lat' dir='ltr'>ille</span> <span class='ocrx_word' id='word_1_47' title='bbox 798 685 928 768; x_wconf 76' lang='lat' dir='ltr'>soriteS,</span> <span class='ocrx_word' id='word_1_48' title='bbox 960 707 1023 770; x_wconf 90' lang='lat' dir='ltr'>quo</span> 
     </span>
     <span class='ocr_line' id='line_1_7' title="bbox 42 769 1022 857; baseline 0.004 -23"><span class='ocrx_word' id='word_1_49' title='bbox 42 769 102 835; x_wconf 89' lang='lat' dir='ltr'>nihil</span> <span class='ocrx_word' id='word_1_50' title='bbox 121 772 244 855; x_wconf 88' lang='lat' dir='ltr'>putatis</span> <span class='ocrx_word' id='word_1_51' title='bbox 268 793 338 836; x_wconf 90' lang='lat' dir='ltr'>esse</span> <span class='ocrx_word' id='word_1_52' title='bbox 361 773 526 837; x_wconf 86' lang='lat' dir='ltr'>vitiosius:</span> <span class='ocrx_word' id='word_1_53' title='bbox 554 773 639 857; x_wconf 91' lang='lat' dir='ltr'>quod</span> <span class='ocrx_word' id='word_1_54' title='bbox 667 773 788 838; x_wconf 93' lang='lat' dir='ltr'>bonum</span> <span class='ocrx_word' id='word_1_55' title='bbox 812 774 868 854; x_wconf 90' lang='lat' dir='ltr'>sit,</span> <span class='ocrx_word' id='word_1_56' title='bbox 897 773 930 838; x_wconf 92' lang='lat' dir='ltr'>id</span> <span class='ocrx_word' id='word_1_57' title='bbox 954 796 1022 838; x_wconf 89' lang='lat' dir='ltr'>esse</span> 
     </span>
     <span class='ocr_line' id='line_1_8' title="bbox 43 860 1024 946; baseline 0.004 -24"><span class='ocrx_word' id='word_1_58' title='bbox 43 860 173 945; x_wconf 82' lang='lat' dir='ltr'>optabile,</span> <span class='ocrx_word' id='word_1_59' title='bbox 205 860 291 946; x_wconf 92' lang='lat' dir='ltr'>quod</span> <span class='ocrx_word' id='word_1_60' title='bbox 322 861 478 945; x_wconf 87' lang='lat' dir='ltr'>optabile,</span> <span class='ocrx_word' id='word_1_61' title='bbox 504 861 537 924; x_wconf 93' lang='lat' dir='ltr'>id</span> <span class='ocrx_word' id='word_1_62' title='bbox 564 862 790 944; x_wconf 85' lang='lat' dir='ltr'>expetendum,</span> <span class='ocrx_word' id='word_1_63' title='bbox 818 861 903 945; x_wconf 91' lang='lat' dir='ltr'>quod</span> <span class='ocrx_word' id='word_1_64' title='bbox 931 884 1024 946; x_wconf 89' lang='lat' dir='ltr'>expe-</span> 
     </span>
     <span class='ocr_line' id='line_1_9' title="bbox 43 947 1023 1035; baseline 0.002 -23"><span class='ocrx_word' id='word_1_65' title='bbox 43 947 160 1032; x_wconf 76' lang='lat' dir='ltr'>andum,</span> <span class='ocrx_word' id='word_1_66' title='bbox 187 949 221 1012; x_wconf 91' lang='lat' dir='ltr'>id</span> <span class='ocrx_word' id='word_1_67' title='bbox 247 948 422 1031; x_wconf 82' lang='lat' dir='ltr'>laudabile,</span> <span class='ocrx_word' id='word_1_68' title='bbox 455 948 529 1013; x_wconf 90' lang='lat' dir='ltr'>dein</span> <span class='ocrx_word' id='word_1_69' title='bbox 556 949 671 1033; x_wconf 87' lang='lat' dir='ltr'>reliqui</span> <span class='ocrx_word' id='word_1_70' title='bbox 698 949 827 1034; x_wconf 76' lang='lat' dir='ltr'>gradm.</span> <span class='ocrx_word' id='word_1_71' title='bbox 873 948 934 1014; x_wconf 83' lang='lat' dir='ltr'>Sed</span> <span class='ocrx_word' id='word_1_72' title='bbox 964 971 1023 1035; x_wconf 92' lang='lat' dir='ltr'>ego</span> 
     </span>
     <span class='ocr_line' id='line_1_10' title="bbox 43 1031 1024 1122; baseline 0.006 -26"><span class='ocrx_word' id='word_1_73' title='bbox 43 1031 145 1102; x_wconf 90' lang='lat' dir='ltr'>inhoc</span> <span class='ocrx_word' id='word_1_74' title='bbox 171 1037 302 1122; x_wconf 78' lang='lat' dir='ltr'>resist03</span> <span class='ocrx_word' id='word_1_75' title='bbox 336 1038 448 1102; x_wconf 88' lang='lat' dir='ltr'>eodem</span> <span class='ocrx_word' id='word_1_76' title='bbox 476 1037 563 1101; x_wconf 89' lang='lat' dir='ltr'>enim</span> <span class='ocrx_word' id='word_1_77' title='bbox 589 1037 686 1103; x_wconf 93' lang='lat' dir='ltr'>modo</span> <span class='ocrx_word' id='word_1_78' title='bbox 712 1037 773 1101; x_wconf 91' lang='lat' dir='ltr'>tibi</span> <span class='ocrx_word' id='word_1_79' title='bbox 801 1059 897 1103; x_wconf 89' lang='lat' dir='ltr'>nemo</span> <span class='ocrx_word' id='word_1_80' title='bbox 925 1038 1024 1120; x_wconf 88' lang='lat' dir='ltr'>dabit,</span> 
     </span>
     <span class='ocr_line' id='line_1_11' title="bbox 34 1123 1021 1209; baseline 0.003 -21"><span class='ocrx_word' id='word_1_81' title='bbox 34 1123 104 1204; x_wconf 59' lang='lat' dir='ltr'>&gt;qnod</span> <span class='ocrx_word' id='word_1_82' title='bbox 129 1125 340 1209; x_wconf 86' lang='lat' dir='ltr'>expetendum</span> <span class='ocrx_word' id='word_1_83' title='bbox 367 1126 424 1209; x_wconf 89' lang='lat' dir='ltr'>sit,</span> <span class='ocrx_word' id='word_1_84' title='bbox 450 1124 484 1189; x_wconf 93' lang='lat' dir='ltr'>id</span> <span class='ocrx_word' id='word_1_85' title='bbox 512 1146 581 1190; x_wconf 88' lang='lat' dir='ltr'>esse</span> <span class='ocrx_word' id='word_1_86' title='bbox 608 1125 782 1189; x_wconf 84' lang='lat' dir='ltr'>laudabile.</span> <span class='ocrx_word' id='word_1_87' title='bbox 833 1125 918 1190; x_wconf 91' lang='lat' dir='ltr'>Illud</span> <span class='ocrx_word' id='word_1_88' title='bbox 947 1149 1021 1191; x_wconf 86' lang='lat' dir='ltr'>vero</span> 
     </span>
     <span class='ocr_line' id='line_1_12' title="bbox 43 1211 1022 1298; baseline 0.006 -26"><span class='ocrx_word' id='word_1_89' title='bbox 43 1211 147 1277; x_wconf 85' lang='lat' dir='ltr'>nhime</span> <span class='ocrx_word' id='word_1_90' title='bbox 180 1214 427 1297; x_wconf 80' lang='lat' dir='ltr'>consectarium,</span> <span class='ocrx_word' id='word_1_91' title='bbox 459 1213 513 1277; x_wconf 89' lang='lat' dir='ltr'>sed</span> <span class='ocrx_word' id='word_1_92' title='bbox 541 1214 576 1277; x_wconf 91' lang='lat' dir='ltr'>in</span> <span class='ocrx_word' id='word_1_93' title='bbox 602 1213 717 1295; x_wconf 88' lang='lat' dir='ltr'>primis</span> <span class='ocrx_word' id='word_1_94' title='bbox 747 1213 860 1298; x_wconf 91' lang='lat' dir='ltr'>hebes,</span> <span class='ocrx_word' id='word_1_95' title='bbox 891 1214 1022 1279; x_wconf 89' lang='lat' dir='ltr'>illorum</span> 
     </span>
     <span class='ocr_line' id='line_1_13' title="bbox 44 1299 1022 1385; baseline 0.008 -25"><span class='ocrx_word' id='word_1_96' title='bbox 44 1299 152 1384; x_wconf 82' lang='lat' dir='ltr'>seilicet,</span> <span class='ocrx_word' id='word_1_97' title='bbox 178 1322 245 1366; x_wconf 90' lang='lat' dir='ltr'>non</span> <span class='ocrx_word' id='word_1_98' title='bbox 271 1305 378 1385; x_wconf 88' lang='lat' dir='ltr'>tuum,</span> <span class='ocrx_word' id='word_1_99' title='bbox 410 1300 604 1385; x_wconf 83' lang='lat' dir='ltr'>gloriatione</span> <span class='ocrx_word' id='word_1_100' title='bbox 632 1301 765 1385; x_wconf 88' lang='lat' dir='ltr'>dignam</span> <span class='ocrx_word' id='word_1_101' title='bbox 792 1324 862 1367; x_wconf 88' lang='lat' dir='ltr'>esse</span> <span class='ocrx_word' id='word_1_102' title='bbox 892 1303 1022 1368; x_wconf 89' lang='lat' dir='ltr'>beatam</span> 
     </span>
     <span class='ocr_line' id='line_1_14' title="bbox 43 1383 1022 1474; baseline 0.008 -27"><span class='ocrx_word' id='word_1_103' title='bbox 43 1383 130 1470; x_wconf 77' lang='lat' dir='ltr'>rilem,</span> <span class='ocrx_word' id='word_1_104' title='bbox 153 1389 239 1472; x_wconf 92' lang='lat' dir='ltr'>quod</span> <span class='ocrx_word' id='word_1_105' title='bbox 261 1410 328 1455; x_wconf 90' lang='lat' dir='ltr'>non</span> <span class='ocrx_word' id='word_1_106' title='bbox 350 1389 455 1473; x_wconf 87' lang='lat' dir='ltr'>possit</span> <span class='ocrx_word' id='word_1_107' title='bbox 478 1389 547 1453; x_wconf 88' lang='lat' dir='ltr'>sine</span> <span class='ocrx_word' id='word_1_108' title='bbox 569 1389 741 1454; x_wconf 85' lang='lat' dir='ltr'>honestate</span> <span class='ocrx_word' id='word_1_109' title='bbox 765 1391 959 1474; x_wconf 84' lang='lat' dir='ltr'>contingere,</span> <span class='ocrx_word' id='word_1_110' title='bbox 985 1396 1022 1455; x_wconf 90' lang='lat' dir='ltr'>ut</span> 
     </span>
     <span class='ocr_line' id='line_1_15' title="bbox 44 1469 1074 1564; baseline 0.003 -30"><span class='ocrx_word' id='word_1_111' title='bbox 44 1469 91 1538; x_wconf 88' lang='lat' dir='ltr'>iure</span> <span class='ocrx_word' id='word_1_112' title='bbox 114 1477 282 1562; x_wconf 85' lang='lat' dir='ltr'>quisquam</span> <span class='ocrx_word' id='word_1_113' title='bbox 309 1478 475 1564; x_wconf 80' lang='lat' dir='ltr'>glorietur.</span> <span class='ocrx_word' id='word_1_114' title='bbox 524 1477 625 1541; x_wconf 87' lang='lat' dir='ltr'>Dabit</span> <span class='ocrx_word' id='word_1_115' title='bbox 653 1477 715 1541; x_wconf 89' lang='lat' dir='ltr'>hoo</span> <span class='ocrx_word' id='word_1_116' title='bbox 739 1476 859 1542; x_wconf 89' lang='lat' dir='ltr'>Zenoni</span> <span class='ocrx_word' id='word_1_117' title='bbox 882 1477 1023 1561; x_wconf 89' lang='lat' dir='ltr'>Polemo,</span> <span class='ocrx_word' id='word_1_118' title='bbox 1042 1491 1074 1538; x_wconf 83' lang='lat'>51</span> 
     </span>
     <span class='ocr_line' id='line_1_16' title="bbox 34 1561 1024 1650; baseline 0.008 -28"><span class='ocrx_word' id='word_1_119' title='bbox 34 1561 118 1628; x_wconf 49' lang='lat' dir='ltr'>rebam</span> <span class='ocrx_word' id='word_1_120' title='bbox 139 1565 297 1650; x_wconf 86' lang='lat' dir='ltr'>magister</span> <span class='ocrx_word' id='word_1_121' title='bbox 324 1566 393 1629; x_wconf 90' lang='lat' dir='ltr'>eius</span> <span class='ocrx_word' id='word_1_122' title='bbox 421 1568 453 1630; x_wconf 88' lang='lat' dir='ltr'>et</span> <span class='ocrx_word' id='word_1_123' title='bbox 479 1569 551 1629; x_wconf 88' lang='lat' dir='ltr'>tota</span> <span class='ocrx_word' id='word_1_124' title='bbox 577 1565 635 1629; x_wconf 92' lang='lat' dir='ltr'>illa</span> <span class='ocrx_word' id='word_1_125' title='bbox 657 1584 737 1649; x_wconf 86' lang='lat' dir='ltr'>gens</span> <span class='ocrx_word' id='word_1_126' title='bbox 761 1568 795 1628; x_wconf 89' lang='lat' dir='ltr'>et</span> <span class='ocrx_word' id='word_1_127' title='bbox 817 1565 946 1648; x_wconf 90' lang='lat' dir='ltr'>reliqui,</span> <span class='ocrx_word' id='word_1_128' title='bbox 969 1569 1024 1650; x_wconf 92' lang='lat' dir='ltr'>qui</span> 
     </span>
     <span class='ocr_line' id='line_1_17' title="bbox 43 1647 1024 1738; baseline 0.006 -27"><span class='ocrx_word' id='word_1_129' title='bbox 43 1647 168 1718; x_wconf 78' lang='lat' dir='ltr'>virtutem</span> <span class='ocrx_word' id='word_1_130' title='bbox 191 1653 342 1717; x_wconf 88' lang='lat' dir='ltr'>omnibus</span> <span class='ocrx_word' id='word_1_131' title='bbox 362 1653 459 1718; x_wconf 92' lang='lat' dir='ltr'>rebus</span> <span class='ocrx_word' id='word_1_132' title='bbox 478 1653 581 1717; x_wconf 91' lang='lat' dir='ltr'>multo</span> <span class='ocrx_word' id='word_1_133' title='bbox 596 1655 830 1736; x_wconf 85' lang='lat' dir='ltr'>anteponentes</span> <span class='ocrx_word' id='word_1_134' title='bbox 845 1652 1024 1738; x_wconf 85' lang='lat' dir='ltr'>adiungunt</span> 
     </span>
     <span class='ocr_line' id='line_1_18' title="bbox 42 1735 1023 1825; baseline 0.007 -27"><span class='ocrx_word' id='word_1_135' title='bbox 42 1735 177 1805; x_wconf 87' lang='lat' dir='ltr'>eitamen</span> <span class='ocrx_word' id='word_1_136' title='bbox 204 1741 328 1825; x_wconf 87' lang='lat' dir='ltr'>aliquid</span> <span class='ocrx_word' id='word_1_137' title='bbox 354 1762 479 1806; x_wconf 90' lang='lat' dir='ltr'>summo</span> <span class='ocrx_word' id='word_1_138' title='bbox 507 1742 542 1805; x_wconf 88' lang='lat' dir='ltr'>in</span> <span class='ocrx_word' id='word_1_139' title='bbox 568 1741 653 1806; x_wconf 90' lang='lat' dir='ltr'>bono</span> <span class='ocrx_word' id='word_1_140' title='bbox 683 1740 833 1804; x_wconf 78' lang='lat' dir='ltr'>finiendo,</span> <span class='ocrx_word' id='word_1_141' title='bbox 879 1738 1023 1805; x_wconf 77' lang='lat' dir='ltr'>sienim</span> 
     </span>
     <span class='ocr_line' id='line_1_19' title="bbox 41 1823 1023 1914; baseline 0.004 -25"><span class='ocrx_word' id='word_1_142' title='bbox 41 1823 118 1893; x_wconf 74' lang='lat' dir='ltr'>mus</span> <span class='ocrx_word' id='word_1_143' title='bbox 145 1828 243 1914; x_wconf 88' lang='lat' dir='ltr'>digna</span> <span class='ocrx_word' id='word_1_144' title='bbox 266 1832 316 1893; x_wconf 88' lang='lat' dir='ltr'>est</span> <span class='ocrx_word' id='word_1_145' title='bbox 338 1829 546 1914; x_wconf 89' lang='lat' dir='ltr'>gloriatione,</span> <span class='ocrx_word' id='word_1_146' title='bbox 573 1832 611 1893; x_wconf 89' lang='lat' dir='ltr'>ut</span> <span class='ocrx_word' id='word_1_147' title='bbox 633 1832 695 1912; x_wconf 91' lang='lat' dir='ltr'>est,</span> <span class='ocrx_word' id='word_1_148' title='bbox 717 1832 909 1913; x_wconf 89' lang='lat' dir='ltr'>tantumque</span> <span class='ocrx_word' id='word_1_149' title='bbox 931 1851 1023 1914; x_wconf 86' lang='lat' dir='ltr'>prae-</span> 
     </span>
     <span class='ocr_line' id='line_1_20' title="bbox 41 1914 1023 2001; baseline 0.004 -25"><span class='ocrx_word' id='word_1_150' title='bbox 41 1914 89 1977; x_wconf 76' lang='lat' dir='ltr'>sat</span> <span class='ocrx_word' id='word_1_151' title='bbox 107 1917 238 2000; x_wconf 86' lang='lat' dir='ltr'>reliquis</span> <span class='ocrx_word' id='word_1_152' title='bbox 261 1918 371 2000; x_wconf 91' lang='lat' dir='ltr'>rebus,</span> <span class='ocrx_word' id='word_1_153' title='bbox 393 1921 430 1981; x_wconf 88' lang='lat' dir='ltr'>ut</span> <span class='ocrx_word' id='word_1_154' title='bbox 453 1917 517 1981; x_wconf 89' lang='lat' dir='ltr'>dici</span> <span class='ocrx_word' id='word_1_155' title='bbox 539 1917 592 1981; x_wconf 85' lang='lat' dir='ltr'>vix</span> <span class='ocrx_word' id='word_1_156' title='bbox 614 1917 732 2001; x_wconf 89' lang='lat' dir='ltr'>possit,</span> <span class='ocrx_word' id='word_1_157' title='bbox 761 1920 794 1981; x_wconf 88' lang='lat' dir='ltr'>et</span> <span class='ocrx_word' id='word_1_158' title='bbox 818 1917 930 1982; x_wconf 91' lang='lat' dir='ltr'>beatus</span> <span class='ocrx_word' id='word_1_159' title='bbox 954 1939 1023 1981; x_wconf 89' lang='lat' dir='ltr'>esse</span> 
     </span>
     <span class='ocr_line' id='line_1_21' title="bbox 40 2005 1023 2089; baseline 0.005 -25"><span class='ocrx_word' id='word_1_160' title='bbox 40 2005 135 2080; x_wconf 85' lang='lat' dir='ltr'>poterit</span> <span class='ocrx_word' id='word_1_161' title='bbox 153 2006 273 2069; x_wconf 78' lang='lat' dir='ltr'>virtute</span> <span class='ocrx_word' id='word_1_162' title='bbox 291 2027 357 2068; x_wconf 90' lang='lat' dir='ltr'>una</span> <span class='ocrx_word' id='word_1_163' title='bbox 373 2006 548 2089; x_wconf 88' lang='lat' dir='ltr'>praeditus,</span> <span class='ocrx_word' id='word_1_164' title='bbox 567 2026 679 2070; x_wconf 88' lang='lat' dir='ltr'>carens</span> <span class='ocrx_word' id='word_1_165' title='bbox 694 2006 818 2089; x_wconf 88' lang='lat' dir='ltr'>ceteris,</span> <span class='ocrx_word' id='word_1_166' title='bbox 836 2027 896 2070; x_wconf 88' lang='lat' dir='ltr'>neo</span> <span class='ocrx_word' id='word_1_167' title='bbox 914 2009 1023 2070; x_wconf 92' lang='lat' dir='ltr'>tamen</span> 
     </span>
     <span class='ocr_line' id='line_1_22' title="bbox 40 2085 1022 2177; baseline 0.008 -27"><span class='ocrx_word' id='word_1_168' title='bbox 40 2085 100 2154; x_wconf 89' lang='lat' dir='ltr'>illud</span> <span class='ocrx_word' id='word_1_169' title='bbox 129 2093 190 2157; x_wconf 91' lang='lat' dir='ltr'>tibi</span> <span class='ocrx_word' id='word_1_170' title='bbox 218 2093 382 2175; x_wconf 89' lang='lat' dir='ltr'>concedet,</span> <span class='ocrx_word' id='word_1_171' title='bbox 412 2098 539 2177; x_wconf 91' lang='lat' dir='ltr'>praeter</span> <span class='ocrx_word' id='word_1_172' title='bbox 566 2094 719 2157; x_wconf 87' lang='lat' dir='ltr'>virtutem</span> <span class='ocrx_word' id='word_1_173' title='bbox 746 2093 831 2157; x_wconf 90' lang='lat' dir='ltr'>nihil</span> <span class='ocrx_word' id='word_1_174' title='bbox 862 2094 896 2158; x_wconf 91' lang='lat' dir='ltr'>in</span> <span class='ocrx_word' id='word_1_175' title='bbox 928 2094 1022 2159; x_wconf 90' lang='lat' dir='ltr'>bonis</span> 
     </span>
     <span class='ocr_line' id='line_1_23' title="bbox 39 2179 1022 2265; baseline 0.009 -28"><span class='ocrx_word' id='word_1_176' title='bbox 39 2193 90 2242; x_wconf 89' lang='lat' dir='ltr'>esse</span> <span class='ocrx_word' id='word_1_177' title='bbox 110 2181 295 2246; x_wconf 88' lang='lat' dir='ltr'>ducendum.</span> <span class='ocrx_word' id='word_1_178' title='bbox 344 2179 398 2245; x_wconf 92' lang='lat' dir='ltr'>Illi</span> <span class='ocrx_word' id='word_1_179' title='bbox 426 2185 547 2265; x_wconf 88' lang='lat' dir='ltr'>autem,</span> <span class='ocrx_word' id='word_1_180' title='bbox 574 2181 690 2264; x_wconf 92' lang='lat' dir='ltr'>quibus</span> <span class='ocrx_word' id='word_1_181' title='bbox 717 2203 879 2246; x_wconf 90' lang='lat' dir='ltr'>summum</span> <span class='ocrx_word' id='word_1_182' title='bbox 902 2183 1022 2248; x_wconf 91' lang='lat' dir='ltr'>bonum</span> 
     </span>
     <span class='ocr_line' id='line_1_24' title="bbox 39 2263 1023 2353; baseline 0.005 -24"><span class='ocrx_word' id='word_1_183' title='bbox 39 2263 89 2330; x_wconf 77' lang='lat' dir='ltr'>sine</span> <span class='ocrx_word' id='word_1_184' title='bbox 111 2269 232 2333; x_wconf 82' lang='lat' dir='ltr'>virtute</span> <span class='ocrx_word' id='word_1_185' title='bbox 259 2273 322 2353; x_wconf 89' lang='lat' dir='ltr'>est,</span> <span class='ocrx_word' id='word_1_186' title='bbox 352 2290 418 2333; x_wconf 88' lang='lat' dir='ltr'>non</span> <span class='ocrx_word' id='word_1_187' title='bbox 446 2269 568 2333; x_wconf 88' lang='lat' dir='ltr'>dabunt</span> <span class='ocrx_word' id='word_1_188' title='bbox 594 2269 733 2334; x_wconf 88' lang='lat' dir='ltr'>fortasse</span> <span class='ocrx_word' id='word_1_189' title='bbox 761 2270 861 2334; x_wconf 84' lang='lat' dir='ltr'>vitam</span> <span class='ocrx_word' id='word_1_190' title='bbox 892 2271 1023 2334; x_wconf 86' lang='lat' dir='ltr'>beatam</span> 
     </span>
     <span class='ocr_line' id='line_1_25' title="bbox 38 2346 1022 2441; baseline 0.009 -29"><span class='ocrx_word' id='word_1_191' title='bbox 38 2346 148 2441; x_wconf 85' lang='lat' dir='ltr'>habere,</span> <span class='ocrx_word' id='word_1_192' title='bbox 175 2358 211 2421; x_wconf 91' lang='lat' dir='ltr'>in</span> <span class='ocrx_word' id='word_1_193' title='bbox 238 2378 300 2439; x_wconf 92' lang='lat' dir='ltr'>quo</span> <span class='ocrx_word' id='word_1_194' title='bbox 330 2357 436 2441; x_wconf 88' lang='lat' dir='ltr'>possit</span> <span class='ocrx_word' id='word_1_195' title='bbox 462 2358 531 2421; x_wconf 91' lang='lat' dir='ltr'>iure</span> <span class='ocrx_word' id='word_1_196' title='bbox 559 2356 708 2441; x_wconf 85' lang='lat' dir='ltr'>gloriari,</span> <span class='ocrx_word' id='word_1_197' title='bbox 737 2358 799 2422; x_wconf 88' lang='lat' dir='ltr'>etsi</span> <span class='ocrx_word' id='word_1_198' title='bbox 822 2357 871 2420; x_wconf 93' lang='lat' dir='ltr'>illi</span> <span class='ocrx_word' id='word_1_199' title='bbox 894 2358 1022 2440; x_wconf 89' lang='lat' dir='ltr'>quidem</span> 
     </span>
     <span class='ocr_line' id='line_1_26' title="bbox 39 2441 845 2529; baseline 0.004 -25"><span class='ocrx_word' id='word_1_200' title='bbox 39 2441 114 2508; x_wconf 79' lang='lat' dir='ltr'>eham</span> <span class='ocrx_word' id='word_1_201' title='bbox 138 2445 323 2528; x_wconf 81' lang='lat' dir='ltr'>voluptates</span> <span class='ocrx_word' id='word_1_202' title='bbox 345 2445 468 2509; x_wconf 85' lang='lat' dir='ltr'>faciunt</span> <span class='ocrx_word' id='word_1_203' title='bbox 489 2445 652 2509; x_wconf 90' lang='lat' dir='ltr'>interdum</span> <span class='ocrx_word' id='word_1_204' title='bbox 676 2445 845 2529; x_wconf 82' lang='lat' dir='ltr'>gloriosae.</span> 
     </span>
    </p>

    <p class='ocr_par' dir='ltr' id='par_1_3' title="bbox 37 2530 1114 3587">
     <span class='ocr_line' id='line_1_27' title="bbox 85 2530 1021 2616; baseline -0.002 -20"><span class='ocrx_word' id='word_1_205' title='bbox 85 2530 180 2597; x_wconf 88' lang='lat' dir='ltr'>Vides</span> <span class='ocrx_word' id='word_1_206' title='bbox 213 2533 314 2616; x_wconf 85' lang='lat' dir='ltr'>igitur</span> <span class='ocrx_word' id='word_1_207' title='bbox 345 2536 378 2596; x_wconf 95' lang='lat' dir='ltr'>te</span> <span class='ocrx_word' id='word_1_208' title='bbox 410 2535 467 2598; x_wconf 87' lang='lat' dir='ltr'>aut</span> <span class='ocrx_word' id='word_1_209' title='bbox 498 2554 537 2597; x_wconf 89' lang='lat' dir='ltr'>ea</span> <span class='ocrx_word' id='word_1_210' title='bbox 568 2553 707 2614; x_wconf 90' lang='lat' dir='ltr'>sumere,</span> <span class='ocrx_word' id='word_1_211' title='bbox 737 2553 818 2615; x_wconf 89' lang='lat' dir='ltr'>quae</span> <span class='ocrx_word' id='word_1_212' title='bbox 850 2552 916 2594; x_wconf 89' lang='lat' dir='ltr'>non</span> <span class='ocrx_word' id='word_1_213' title='bbox 949 2552 1021 2595; x_wconf 90' lang='lat' dir='ltr'>con·</span> 
     </span>
     <span class='ocr_line' id='line_1_28' title="bbox 38 2617 1022 2704; baseline 0.007 -27"><span class='ocrx_word' id='word_1_214' title='bbox 38 2617 181 2703; x_wconf 85' lang='lat' dir='ltr'>cedantur,</span> <span class='ocrx_word' id='word_1_215' title='bbox 205 2623 331 2704; x_wconf 88' lang='lat' dir='ltr'>autea,</span> <span class='ocrx_word' id='word_1_216' title='bbox 354 2642 435 2704; x_wconf 86' lang='lat' dir='ltr'>quae</span> <span class='ocrx_word' id='word_1_217' title='bbox 455 2621 554 2685; x_wconf 88' lang='lat' dir='ltr'>etiam</span> <span class='ocrx_word' id='word_1_218' title='bbox 571 2642 724 2685; x_wconf 87' lang='lat' dir='ltr'>concessa</span> <span class='ocrx_word' id='word_1_219' title='bbox 746 2623 779 2684; x_wconf 95' lang='lat' dir='ltr'>te</span> <span class='ocrx_word' id='word_1_220' title='bbox 802 2618 884 2683; x_wconf 89' lang='lat' dir='ltr'>nihil</span> <span class='ocrx_word' id='word_1_221' title='bbox 903 2618 1022 2684; x_wconf 86' lang='lat' dir='ltr'>iuvent.</span> 
     </span>
     <span class='ocr_line' id='line_1_29' title="bbox 37 2696 1022 2789; baseline -0.002 -17"><span class='ocrx_word' id='word_1_222' title='bbox 37 2696 172 2788; x_wconf 71' lang='lat' dir='ltr'>Equidem</span> <span class='ocrx_word' id='word_1_223' title='bbox 190 2709 227 2772; x_wconf 92' lang='lat' dir='ltr'>in</span> <span class='ocrx_word' id='word_1_224' title='bbox 244 2709 393 2774; x_wconf 89' lang='lat' dir='ltr'>omnibus</span> <span class='ocrx_word' id='word_1_225' title='bbox 413 2709 486 2773; x_wconf 88' lang='lat' dir='ltr'>istis</span> <span class='ocrx_word' id='word_1_226' title='bbox 506 2708 766 2774; x_wconf 87' lang='lat' dir='ltr'>conclusionibus</span> <span class='ocrx_word' id='word_1_227' title='bbox 790 2707 851 2772; x_wconf 90' lang='lat' dir='ltr'>hoc</span> <span class='ocrx_word' id='word_1_228' title='bbox 875 2710 1022 2789; x_wconf 91' lang='lat' dir='ltr'>putarem</span> 
     </span>
     <span class='ocr_line' id='line_1_30' title="bbox 38 2788 1022 2882; baseline 0.003 -25"><span class='ocrx_word' id='word_1_229' title='bbox 38 2788 223 2879; x_wconf 74' lang='lat' dir='ltr'>philosophie</span> <span class='ocrx_word' id='word_1_230' title='bbox 243 2796 401 2879; x_wconf 89' lang='lat' dir='ltr'>nobisque</span> <span class='ocrx_word' id='word_1_231' title='bbox 428 2797 577 2882; x_wconf 88' lang='lat' dir='ltr'>dignum,</span> <span class='ocrx_word' id='word_1_232' title='bbox 605 2799 637 2859; x_wconf 85' lang='lat' dir='ltr'>et</span> <span class='ocrx_word' id='word_1_233' title='bbox 660 2796 813 2879; x_wconf 86' lang='lat' dir='ltr'>maxime,</span> <span class='ocrx_word' id='word_1_234' title='bbox 841 2817 914 2860; x_wconf 89' lang='lat' dir='ltr'>cum</span> <span class='ocrx_word' id='word_1_235' title='bbox 938 2817 1022 2860; x_wconf 90' lang='lat' dir='ltr'>sum·</span> 
     </span>
     <span class='ocr_line' id='line_1_31' title="bbox 38 2884 1022 2969; baseline 0 -21"><span class='ocrx_word' id='word_1_236' title='bbox 38 2894 104 2948; x_wconf 85' lang='lat' dir='ltr'>num</span> <span class='ocrx_word' id='word_1_237' title='bbox 130 2885 252 2949; x_wconf 91' lang='lat' dir='ltr'>bonum</span> <span class='ocrx_word' id='word_1_238' title='bbox 286 2906 525 2969; x_wconf 89' lang='lat' dir='ltr'>quaereremus,</span> <span class='ocrx_word' id='word_1_239' title='bbox 557 2884 660 2947; x_wconf 87' lang='lat' dir='ltr'>vitam</span> <span class='ocrx_word' id='word_1_240' title='bbox 686 2886 846 2966; x_wconf 86' lang='lat' dir='ltr'>nostram,</span> <span class='ocrx_word' id='word_1_241' title='bbox 878 2884 1022 2966; x_wconf 90' lang='lat' dir='ltr'>consilia,</span> 
     </span>
     <span class='ocr_line' id='line_1_32' title="bbox 37 2967 1022 3056; baseline 0.003 -24"><span class='ocrx_word' id='word_1_242' title='bbox 37 2967 197 3037; x_wconf 70' lang='lat' dir='ltr'>voluntates</span> <span class='ocrx_word' id='word_1_243' title='bbox 204 3022 212 3055; x_wconf 92' lang='lat'>,</span> <span class='ocrx_word' id='word_1_244' title='bbox 234 2993 300 3037; x_wconf 89' lang='lat' dir='ltr'>non</span> <span class='ocrx_word' id='word_1_245' title='bbox 323 2972 422 3036; x_wconf 87' lang='lat' dir='ltr'>verba</span> <span class='ocrx_word' id='word_1_246' title='bbox 440 2972 567 3056; x_wconf 87' lang='lat' dir='ltr'>corrigi.</span> <span class='ocrx_word' id='word_1_247' title='bbox 603 2970 682 3046; x_wconf 82' lang='lat' dir='ltr'>Quis</span> <span class='ocrx_word' id='word_1_248' title='bbox 702 2971 787 3035; x_wconf 91' lang='lat' dir='ltr'>euim</span> <span class='ocrx_word' id='word_1_249' title='bbox 809 2975 918 3055; x_wconf 88' lang='lat' dir='ltr'>potest</span> <span class='ocrx_word' id='word_1_250' title='bbox 940 2973 1022 3052; x_wconf 78' lang='lat' dir='ltr'>istie,</span> 
     </span>
     <span class='ocr_line' id='line_1_33' title="bbox 38 3059 1022 3144; baseline 0.002 -25"><span class='ocrx_word' id='word_1_251' title='bbox 38 3069 97 3133; x_wconf 82' lang='lat' dir='ltr'>quae</span> <span class='ocrx_word' id='word_1_252' title='bbox 118 3064 164 3144; x_wconf 91' lang='lat' dir='ltr'>te,</span> <span class='ocrx_word' id='word_1_253' title='bbox 191 3063 229 3124; x_wconf 92' lang='lat' dir='ltr'>ut</span> <span class='ocrx_word' id='word_1_254' title='bbox 259 3061 320 3142; x_wconf 89' lang='lat' dir='ltr'>ais,</span> <span class='ocrx_word' id='word_1_255' title='bbox 348 3060 523 3142; x_wconf 88' lang='lat' dir='ltr'>delectant,</span> <span class='ocrx_word' id='word_1_256' title='bbox 550 3059 702 3124; x_wconf 86' lang='lat' dir='ltr'>brevibus</span> <span class='ocrx_word' id='word_1_257' title='bbox 726 3063 759 3123; x_wconf 89' lang='lat' dir='ltr'>et</span> <span class='ocrx_word' id='word_1_258' title='bbox 778 3060 881 3124; x_wconf 91' lang='lat' dir='ltr'>acutis</span> <span class='ocrx_word' id='word_1_259' title='bbox 905 3060 1022 3124; x_wconf 88' lang='lat' dir='ltr'>auditis</span> 
     </span>
     <span class='ocr_line' id='line_1_34' title="bbox 37 3134 1022 3231; baseline 0.004 -26"><span class='ocrx_word' id='word_1_260' title='bbox 37 3134 65 3205; x_wconf 81' lang='lat' dir='ltr'>le</span> <span class='ocrx_word' id='word_1_261' title='bbox 82 3148 238 3212; x_wconf 87' lang='lat' dir='ltr'>sententia</span> <span class='ocrx_word' id='word_1_262' title='bbox 260 3148 431 3212; x_wconf 79' lang='lat' dir='ltr'>decedere?</span> <span class='ocrx_word' id='word_1_263' title='bbox 468 3147 555 3213; x_wconf 87' lang='lat' dir='ltr'>Nam</span> <span class='ocrx_word' id='word_1_264' title='bbox 574 3169 647 3212; x_wconf 89' lang='lat' dir='ltr'>cum</span> <span class='ocrx_word' id='word_1_265' title='bbox 665 3151 855 3231; x_wconf 88' lang='lat' dir='ltr'>exspectant</span> <span class='ocrx_word' id='word_1_266' title='bbox 874 3152 907 3211; x_wconf 90' lang='lat' dir='ltr'>et</span> <span class='ocrx_word' id='word_1_267' title='bbox 926 3149 1022 3210; x_wconf 86' lang='lat' dir='ltr'>avent</span> 
     </span>
     <span class='ocr_line' id='line_1_35' title="bbox 38 3231 1022 3319; baseline -0.003 -19"><span class='ocrx_word' id='word_1_268' title='bbox 38 3231 137 3319; x_wconf 70' lang='lat' dir='ltr'>arma,</span> <span class='ocrx_word' id='word_1_269' title='bbox 160 3257 216 3301; x_wconf 88' lang='lat' dir='ltr'>eur</span> <span class='ocrx_word' id='word_1_270' title='bbox 238 3236 329 3301; x_wconf 91' lang='lat' dir='ltr'>dolor</span> <span class='ocrx_word' id='word_1_271' title='bbox 352 3237 474 3299; x_wconf 89' lang='lat' dir='ltr'>malum</span> <span class='ocrx_word' id='word_1_272' title='bbox 495 3257 562 3300; x_wconf 92' lang='lat' dir='ltr'>non</span> <span class='ocrx_word' id='word_1_273' title='bbox 586 3236 643 3318; x_wconf 88' lang='lat' dir='ltr'>sit,</span> <span class='ocrx_word' id='word_1_274' title='bbox 667 3235 777 3300; x_wconf 90' lang='lat' dir='ltr'>dieunt</span> <span class='ocrx_word' id='word_1_275' title='bbox 799 3235 850 3299; x_wconf 92' lang='lat' dir='ltr'>illi</span> <span class='ocrx_word' id='word_1_276' title='bbox 873 3255 1022 3317; x_wconf 88' lang='lat' dir='ltr'>asperum</span> 
     </span>
     <span class='ocr_line' id='line_1_36' title="bbox 38 3324 1023 3407; baseline 0 -23"><span class='ocrx_word' id='word_1_277' title='bbox 38 3330 89 3384; x_wconf 69' lang='lat' dir='ltr'>tere</span> <span class='ocrx_word' id='word_1_278' title='bbox 122 3324 247 3407; x_wconf 88' lang='lat' dir='ltr'>dolere,</span> <span class='ocrx_word' id='word_1_279' title='bbox 283 3325 474 3407; x_wconf 91' lang='lat' dir='ltr'>molestum,</span> <span class='ocrx_word' id='word_1_280' title='bbox 511 3324 676 3407; x_wconf 91' lang='lat' dir='ltr'>odiosum,</span> <span class='ocrx_word' id='word_1_281' title='bbox 713 3327 827 3388; x_wconf 90' lang='lat' dir='ltr'>contra</span> <span class='ocrx_word' id='word_1_282' title='bbox 845 3344 847 3349; x_wconf 93' lang='lat'>·</span> <span class='ocrx_word' id='word_1_283' title='bbox 862 3325 1023 3403; x_wconf 88' lang='lat' dir='ltr'>naturam,</span> 
     </span>
     <span class='ocr_line' id='line_1_37' title="bbox 37 3397 1023 3497; baseline -0.001 -24"><span class='ocrx_word' id='word_1_284' title='bbox 37 3397 143 3477; x_wconf 76' lang='lat' dir='ltr'>difficile</span> <span class='ocrx_word' id='word_1_285' title='bbox 174 3413 328 3494; x_wconf 83' lang='lat' dir='ltr'>toleratu,</span> <span class='ocrx_word' id='word_1_286' title='bbox 361 3412 430 3496; x_wconf 91' lang='lat' dir='ltr'>sed,</span> <span class='ocrx_word' id='word_1_287' title='bbox 462 3412 537 3497; x_wconf 89' lang='lat' dir='ltr'>quia</span> <span class='ocrx_word' id='word_1_288' title='bbox 567 3412 658 3476; x_wconf 90' lang='lat' dir='ltr'>nulla</span> <span class='ocrx_word' id='word_1_289' title='bbox 685 3411 729 3475; x_wconf 88' lang='lat' dir='ltr'>sit</span> <span class='ocrx_word' id='word_1_290' title='bbox 760 3410 795 3473; x_wconf 91' lang='lat' dir='ltr'>in</span> <span class='ocrx_word' id='word_1_291' title='bbox 828 3408 936 3472; x_wconf 91' lang='lat' dir='ltr'>dolore</span> <span class='ocrx_word' id='word_1_292' title='bbox 953 3430 1023 3476; x_wconf 25' lang='lat' dir='ltr'>,nec</span> 
     </span>
     <span class='ocr_line' id='line_1_38' title="bbox 37 3450 1114 3587; baseline -0.003 -26"><span class='ocrx_word' id='word_1_293' title='bbox 37 3484 105 3562; x_wconf 75' lang='lat' dir='ltr'>fraus</span> <span class='ocrx_word' id='word_1_294' title='bbox 129 3521 188 3566; x_wconf 91' lang='lat' dir='ltr'>nee</span> <span class='ocrx_word' id='word_1_295' title='bbox 215 3500 407 3584; x_wconf 87' lang='lat' dir='ltr'>improbitas</span> <span class='ocrx_word' id='word_1_296' title='bbox 433 3521 493 3566; x_wconf 88' lang='lat' dir='ltr'>nec</span> <span class='ocrx_word' id='word_1_297' title='bbox 516 3499 644 3566; x_wconf 87' lang='lat' dir='ltr'>malitia</span> <span class='ocrx_word' id='word_1_298' title='bbox 670 3519 729 3563; x_wconf 89' lang='lat' dir='ltr'>neo</span> <span class='ocrx_word' id='word_1_299' title='bbox 752 3497 848 3581; x_wconf 88' lang='lat' dir='ltr'>culpa</span> <span class='ocrx_word' id='word_1_300' title='bbox 874 3517 934 3560; x_wconf 88' lang='lat' dir='ltr'>nec</span> <span class='ocrx_word' id='word_1_301' title='bbox 955 3499 1022 3560; x_wconf 85' lang='lat' dir='ltr'>tur·</span> <span class='ocrx_word' id='word_1_302' title='bbox 1092 3450 1114 3587; x_wconf 56' lang='lat' dir='ltr'>d</span> 
     </span>
    </p>
   </div>
   <div class='ocr_carea' id='block_1_3' title="bbox 1035 2504 1075 2628">
    <p class='ocr_par' dir='ltr' id='par_1_4' title="bbox 1035 2504 1075 2628">
     <span class='ocr_line' id='line_1_39' title="bbox 1035 2504 1075 2566; baseline 0.025 -1"><span class='ocrx_word' id='word_1_303' title='bbox 1035 2504 1075 2566; x_wconf 88' lang='grc'>19</span> 
     </span>
     <span class='ocr_line' id='line_1_40' title="bbox 1041 2581 1074 2628; baseline 0 0"><span class='ocrx_word' id='word_1_304' title='bbox 1041 2581 1074 2628; x_wconf 79' lang='lat' dir='ltr'>sa</span> 
     </span>
    </p>
   </div>
   <div class='ocr_carea' id='block_1_4' title="bbox 0 0 1178 3876">
    <p class='ocr_par' dir='ltr' id='par_1_5' title="bbox 0 0 1178 3876">
     <span class='ocr_line' id='line_1_41' title="bbox 0 0 1178 3876; baseline 0 2"><span class='ocrx_word' id='word_1_305' title='bbox 0 0 1178 3876; x_wconf 95' lang='lat' dir='ltr'> </span> 
     </span>
    </p>
   </div>
  </div>
 </body>
</html>
