2346 3876
98 145 169 210 ⁴266
264 147 313 200 DE
332 140 477 202 FINIBUS
495 145 675 202 BONORUM
693 147 741 202 ΕΤ
759 146 947 211 MALORUM

103 309 172 372 sine
195 308 259 373 illis
282 309 387 392 possit
409 309 506 373 beata
523 309 591 373 vita
610 309 772 374 exsistere.
807 308 862 374 Ita
883 309 972 374 enim
994 330 1097 393 parvae

103 400 136 460 et
159 397 293 481 exiguae
317 400 393 461 sunt
414 397 496 461 istae
520 397 721 461 accessiones
744 398 922 480 bonorum,
945 402 994 479 ut,
1017 419 1098 481 quem

103 484 143 548 ad
171 484 302 549 modum
330 485 443 549 stellae
471 486 505 549 in
533 484 631 549 radiis
664 485 758 568 solis,
790 486 837 549 sic
868 486 952 549 istae
983 486 1017 550 in
1046 486 1117 548 vir·

48 583 83 632 72
103 576 209 637 tutum
242 571 410 657 splendore
442 594 483 636 ne
517 576 688 637 cernantur
720 573 858 656 quidem.
912 573 1022 658 Atque
1049 573 1098 636 hoc

102 664 139 724 ut
165 682 238 725 vere
267 661 396 744 dicitur,
423 682 524 744 parva
551 681 620 724 esse
648 660 688 724 ad
720 661 815 725 beate
842 660 1019 725 vivendum
1044 682 1118 725 mos

73 792 75 797 -
102 752 213 812 menta
234 749 299 813 ista
317 750 461 831 corporis
480 747 730 831 commodorum,
753 749 799 813 sic
817 748 918 813 nimis
937 749 1099 813 violentum

98 841 153 900 est
178 837 269 913 nulla
296 856 366 900 esse
393 834 512 919 dicere3
540 835 594 919 qui
622 835 707 900 enim
736 836 782 900 sic
806 836 989 921 disputant,
1019 836 1099 902 obliti

102 925 184 988 mihi
216 924 378 1008 videntur,
407 945 488 1007 quae
515 924 579 1008 ipsi
606 923 743 988 fecerint
774 915 937 1008 principia
968 929 1099 989 naturae.

101 1012 320 1076 Tribuendum
343 1016 394 1075 est
415 1012 516 1096 igitur
537 1011 589 1075 his
613 1011 748 1095 aliquid,
776 1011 851 1076 dum
873 1012 986 1095 modo,
1015 1033 1099 1096 quan·

101 1106 172 1164 tum
194 1099 399 1164 tribuendum
422 1101 477 1182 sit,
499 1100 680 1183 intellegas
731 1099 794 1163 Est
815 1099 904 1163 enim
926 1099 1128 1184 philosophis

39 1234 43 1238 -
100 1210 167 1252 non
185 1191 253 1251 tam
272 1187 415 1271 gloriosa
433 1209 530 1270 quam
549 1209 626 1251 vera
645 1187 829 1270 quaerentis
847 1209 909 1253 nec
930 1211 991 1272 pro
1011 1187 1101 1252 nihilo

101 1280 216 1359 putare
244 1296 295 1358 ea,
323 1297 405 1358 quae
434 1275 606 1339 secundum
632 1279 782 1339 naturam
809 1275 859 1339 illi
886 1276 951 1360 ipsi
980 1275 1102 1361 gloriosi

101 1385 172 1426 esse
194 1362 371 1446 fateantur,
394 1366 427 1426 et
448 1363 556 1427 videre
580 1366 707 1426 tantam
729 1363 796 1427 vim
820 1363 952 1427 virtutis
976 1369 1102 1429 tantam·

101 1473 180 1534 que,
202 1456 239 1515 ut
257 1451 304 1514 ita
322 1451 440 1535 dicam,
464 1451 690 1516 auctoritatem
710 1451 907 1534 honestatis,
931 1456 969 1516 ut
991 1453 1103 1536 reliquo

101 1559 169 1605 non
195 1539 253 1603 illa
280 1539 409 1623 quidem
437 1539 538 1623 nulla,
566 1539 622 1603 sed
648 1539 696 1603 ita
723 1560 826 1622 parva
853 1538 932 1624 sint,
963 1543 1001 1604 ut
1022 1539 1130 1604 nullas

104 1652 174 1697 esse
194 1629 371 1694 videantur.
407 1628 496 1693 Haec
514 1631 639 1693 estnec
659 1629 767 1692 omnia
786 1627 969 1711 spernentis
987 1631 1104 1712 praeter

104 1720 254 1784 virtutem
274 1721 306 1781 et
324 1718 479 1781 virtutem
497 1717 602 1800 ipsam
626 1716 692 1780 suis
715 1716 864 1780 laudibus
883 1716 1104 1799 amplificantis

105 1808 222 1891 oratio,
247 1805 382 1890 denique
406 1805 485 1869 haec
504 1808 554 1869 est
570 1804 710 1888 undique
729 1804 890 1887 completa
914 1808 948 1897 et
970 1804 1105 1889 perfecta

104 1895 277 1979 explicatio
297 1893 413 1959 summi
430 1893 517 1957 boni.
550 1890 637 1956 Hinc
657 1892 756 1955 ceteri
773 1891 953 1974 particulas
974 1893 1105 1976 arripere

105 1983 212 2048 conati
239 2003 331 2046 suam
354 1982 488 2065 quisque
514 1979 615 2045 videri
642 1980 745 2044 voluit
773 1979 885 2044 afferre
910 1982 1133 2044 sententiamo

53 2041 94 2104 25
172 2068 274 2152 Saepe
307 2070 348 2134 ab
380 2069 570 2152 Aristotele,
606 2090 625 2132 a
659 2067 883 2151 Theophrasto
921 2069 1107 2134 mirabiliter

53 2119 85 2167 73
106 2161 155 2222 est
172 2158 303 2222 laudata
322 2180 379 2241 per
398 2179 431 2221 se
449 2157 522 2240 ipsa
539 2177 647 2221 rerum
667 2157 813 2240 scientia3
832 2155 895 2220 hoo
913 2179 981 2223 uno
1001 2161 1106 2241 captus

102 2246 226 2311 Erillus
256 2247 425 2311 scientiam
453 2266 614 2310 summum
641 2244 762 2310 bonum
790 2265 859 2312 esse
887 2244 1034 2332 defendit
1054 2266 1107 2309 nec

104 2357 173 2398 rem
204 2336 306 2400 ullam
339 2336 438 2401 aliam
470 2359 528 2421 per
555 2359 589 2401 se
617 2336 837 2421 expetendam.
890 2335 998 2401 Multa
1029 2335 1108 2400 dicta

105 2429 181 2488 sunt
217 2425 257 2488 ab
295 2425 436 2508 antiquis
475 2425 514 2489 de
550 2426 789 2490 contemnendis
827 2447 864 2490 ao
900 2424 1107 2510 despiciendis
1117 2445 1135 2489 u

104 2513 200 2577 rebus
220 2513 384 2596 humanis3
406 2513 468 2577 hoc
485 2535 585 2577 unum
603 2514 716 2578 Aristo
739 2513 857 2579 tenuit:
879 2518 1013 2597 praeter
1034 2514 1105 2578 vitia

103 2604 201 2684 atque
224 2601 361 2664 virtutes
384 2602 517 2684 negavit
538 2623 607 2666 rem
631 2623 701 2666 essa
723 2601 824 2665 ullam
847 2606 904 2666 aut
926 2602 1109 2687 fugiendam

101 2693 162 2752 aut
190 2689 408 2771 expetendam.
458 2688 613 2753 Positum
634 2693 684 2753 est
712 2711 731 2753 a
757 2690 879 2753 nostris
910 2690 946 2753 in
974 2691 1016 2755 iis
1044 2711 1109 2755 esse

103 2777 214 2858 rebus,
243 2798 323 2860 quae
352 2777 525 2840 secundum
556 2779 705 2841 naturam
738 2781 859 2858 essent,
889 2799 958 2842 non
990 2779 1109 2860 dolere3

101 2862 166 2926 hoo
185 2862 402 2946 Hieronymus
426 2885 587 2929 summum
609 2865 731 2930 bonum
748 2887 817 2930 esse
840 2864 931 2929 dixit.
968 2867 1015 2930 At
1037 2888 1139 2932 veruo

104 2948 254 3032 Callipho
279 2954 311 3014 et
332 2955 408 3033 post
427 2973 499 3017 eum
517 2951 694 3035 Diodorus,
717 2975 789 3017 cum
809 2954 892 3018 alter
909 2953 1110 3038 voluptatem

102 3037 301 3120 adamasset,
326 3039 409 3102 alter
430 3040 628 3105 vacuitatem
650 3040 785 3123 doloris,
807 3045 921 3104 neuter
943 3041 1111 3106 honestate

105 3145 213 3190 carere
245 3125 366 3207 potuit,
402 3147 483 3209 quae
516 3132 566 3192 est
598 3150 618 3191 a
647 3129 768 3193 nostris
801 3129 933 3193 laudata
964 3131 1111 3195 maxime.

54 3235 86 3283 74
106 3214 189 3288 Quin
222 3212 321 3275 etiam
357 3214 421 3296 ipsi
453 3215 627 3298 voluptarii
664 3216 859 3280 deverticula
890 3222 1050 3300 quaerunt
1081 3220 1112 3282 et

105 3303 241 3366 virtutes
265 3300 387 3364 habent
410 3301 444 3365 in
463 3323 517 3367 ore
541 3306 628 3367 totos
655 3303 722 3367 dies
741 3305 1006 3388 voluptatemque
1025 3307 1143 3371 dum-u

104 3392 196 3453 taxat
218 3388 322 3473 primo
346 3389 452 3472 expeti
476 3389 597 3472 dicunt,
627 3391 740 3455 deinde
764 3393 998 3457 consuetudine
1021 3393 1112 3478 quasi

99 3477 239 3542 alteram
271 3477 433 3565 quandam
455 3480 605 3541 naturam
638 3479 734 3558 effici,
764 3501 828 3563 qua
854 3480 989 3564 impulsi
1010 3481 1114 3545 multa
