2356 3870
264 200 332 257 LIB.
350 200 384 256 11
413 201 490 257 cap
511 209 556 272 14,
577 209 618 259 ιι
647 209 751 270 ιιι-
721 210 802 261 -m
972 204 1034 268 141

51 365 130 447 etque
157 363 379 450 magnificum,
411 364 452 428 ad
483 298 705 448 imperandum
735 367 842 451 magis
871 387 968 452 quam
976 368 1036 432 ad

48 451 205 533 parendum
228 452 521 536 accommodatum,
544 453 652 517 omnia
669 453 812 518 humana
831 474 897 519 nou
919 455 1035 520 tolera-

49 538 113 603 bilia
138 540 255 622 solum,
283 539 339 604 sed
366 541 464 605 etiam
491 539 577 606 levia
599 540 729 625 ducens,
757 541 859 606 altum
884 542 1036 644 quiddam

47 630 74 690 e
90 629 257 711 excelsum,
283 626 366 692 nihil
387 629 520 711 timens,
542 629 666 693 nemini
687 629 817 714 cedens,
840 651 965 712 semper
987 630 1036 695 in·

48 713 158 780 rictum
226 714 333 800 Atque
377 715 429 780 his
470 679 575 781 trihus
615 717 786 802 generibus
826 716 1036 782 honestorum
1054 732 1086 779 47
1129 790 1131 795 ¹

44 804 148 868 uentis
175 807 328 888 quartum
356 805 500 888 sequitur
528 805 627 869 etin
654 804 765 870 eadem
796 805 940 889 pulchrit
926 806 1036 870 tudine

44 894 213 976 etaptum
228 913 266 956 ex
289 891 355 956 illis
381 892 501 971 tribus,
533 892 569 956 in
597 913 660 976 quo
687 894 792 958 inest
803 893 881 957 ordo
908 897 942 958 et
967 915 1036 958 mo·

42 977 157 1046 doratio.
212 976 311 1044 Cuius
348 938 558 1044 similitudine
589 986 759 1064 perspecta
789 982 823 1045 in
859 980 1035 1047 formarum

41 1068 133 1151 specie
152 1089 191 1133 ec
208 1067 367 1152 dignitate
389 1068 563 1133 transitum
583 1073 632 1133 est
649 1069 690 1132 ad
708 1068 912 1134 honestatem
935 1070 1034 1134 dieto-

40 1175 98 1220 rum
128 1160 228 1240 atque
258 1155 427 1221 factorum.
480 1155 565 1220 Nam
593 1178 630 1220 ex
661 1156 713 1220 his
744 1157 849 1221 tribus
878 1157 1036 1242 laudibus,

40 1264 104 1327 quas
136 1247 214 1308 ante
248 1243 328 1327 dixi,
359 1247 392 1307 et
426 1244 642 1308 temeritatem
678 1245 866 1309 reformidat
901 1249 935 1310 et
969 1269 1034 1312 non

40 1328 122 1397 radet
149 1331 301 1415 cuiquam
333 1334 390 1396 aut
420 1330 506 1395 dicto
533 1335 684 1414 protervo
713 1337 769 1397 aut
800 1333 887 1398 facto
918 1355 1035 1398 nocere

40 1424 216 1504 vereturque
251 1419 423 1503 quicquam
459 1423 515 1484 aut
500 1419 660 1484 tfacere
693 1423 751 1485 ‘aut
787 1422 912 1506 eloqui,
950 1423 1035 1506 quod

40 1529 140 1590 parum
164 1506 259 1573 virile
281 1507 436 1572 videatur

90 1595 203 1660 Habes
230 1595 371 1678 undique
398 1596 558 1679 expletam
586 1599 619 1660 et
645 1596 835 1680 perfectam,
865 1595 1087 1686 Torquate,⁴18

40 1683 165 1750 lormam
188 1683 382 1767 honestatis,
405 1705 486 1769 quae
508 1687 580 1749 tota
602 1687 755 1768 quattuor
777 1685 829 1748 his
851 1684 1035 1767 virtutibus,

40 1793 107 1856 quac
140 1794 161 1837 a
192 1775 225 1835 te
264 1792 389 1855 quoque
420 1775 688 1836 commemoratae
721 1775 809 1855 sunt,
845 1773 1035 1837 continetur.

40 1859 119 1926 lianc
147 1881 182 1924 se
208 1863 284 1924 tuus
311 1858 469 1942 Epicurus
497 1860 627 1925 omnino
655 1860 803 1944 ignorare
831 1852 910 1925 dicit
939 1882 1035 1943 quam

40 1951 85 2012 rut
100 1947 231 2032 qualem
249 1948 527 2031 essevelint,qu1
518 1947 715 2012 honestate
735 1970 894 2012 summum
913 1947 1034 2013 bonurn

40 2037 213 2102 metiantur.
258 2034 293 2100 Si
317 2035 357 2100 ad
379 1997 583 2101 honestatem
606 2036 691 2100 enim
717 2037 827 2101 omnia
848 2036 988 2101 referant
974 2041 1034 2115 t,ur

40 2145 130 2226 reque
157 2124 193 2188 in
220 2144 259 2189 ea
284 2123 486 2225 voluptatem
513 2122 658 2188 dicent
648 2145 766 2205 messe,
799 2125 846 2188 ait
875 2146 928 2189 eos
957 2146 1034 2189 voce

40 2213 116 2278 nani
143 2233 260 2277 sonare
287 2209 354 2296 (his
382 2212 468 2277 enim
489 2211 571 2295 ipsis
593 2211 700 2276 verbis
722 2175 838 2298 utitur)
860 2234 963 2315 neque
986 2213 1034 2277 in-

40 2298 180 2386 allegere
198 2321 258 2365 nec
280 2300 400 2384 videre,
429 2298 489 2364 sub
511 2299 595 2364 hanc
615 2321 729 2364 vocem
751 2300 902 2365 honestat
853 2301 931 2365 tatis
953 2323 1034 2384 quae

40 2388 72 2454 ιιι
89 2387 279 2453 subicienda
296 2409 353 2452 sen
353 2351 465 2452 tehtia.
501 2385 548 2452 Ut
567 2387 651 2452 enim
669 2388 865 2454 consuetudo
883 2388 987 2472 loquit
988 2412 1035 2472 ur,

40 2475 61 2542 d
86 2477 194 2542 solum
218 2476 338 2541 dicitur
363 2476 482 2541 honest
467 2479 550 2559 t‚um
580 2475 666 2560 quod
693 2481 743 2540 est
769 2476 919 2560 populari
948 2440 1035 2540 semet

40 2564 213 2650 dertosam
266 2557 399 2640 Quod,
428 2561 588 2647 inquit,
591 2585 786 2648 quamquam
813 2563 1034 2647 voluptatibus

40 2651 221 2738 puibusdam
264 2655 314 2716 est
358 2673 454 2735 saepe
494 2651 677 2736 iucundius,
723 2655 834 2716 tamen
875 2652 1035 2734 expetitur

40 2743 161 2825 ¹rropter
187 2738 409 2823 voluptatem?
453 2738 606 2823 Videsne,
629 2761 726 2824 quam
752 2740 797 2804 sit
822 2759 942 2824 magna
973 2740 1034 2804 dis·
1053 2754 1086 2802 49

40 2828 158 2893 ursio?
190 2827 409 2913 Philosophus
426 2827 558 2910 nobilis,
576 2850 596 2893 a
614 2848 677 2912 quo
695 2849 761 2893 non
779 2829 884 2892 solum
900 2826 1035 2893 Graecia

40 2920 62 2981 et
89 2915 204 2998 Italia,
239 2915 426 2980 sedetiam
458 2915 562 2979 omnis
594 2915 745 2981 barbaria
780 2920 940 2981 commota
976 2922 1035 3002 est,

40 3007 200 3071 tonantum
223 3003 300 3087 quid
323 3004 380 3087 sit,
407 3004 435 3068 si
463 3003 496 3066 id
519 3024 584 3068 uon
607 3003 707 3068 sitin
729 3003 909 3087 voluptate,
936 3011 1036 3089 neget

40 3112 63 3158 te
95 3090 299 3176 intellegere,
338 3092 400 3156 nisi
441 3090 525 3156 forte
493 3091 654 3174 tillud,
693 3091 778 3176 quod
819 3092 1034 3158 multitudinis

40 3201 156 3247 umore
184 3179 340 3245 laudetur.
377 3179 460 3282 ’Ego
490 3181 598 3243 autem
624 3178 686 3244 hoc
713 3181 853 3244 etismt
853 3202 932 3264 urpe
965 3202 1034 3246 esse

40 3288 125 3355 nepe
151 3266 259 3333 iudico
286 3271 330 3352 et,
358 3267 386 3332 si
412 3266 541 3352 quando
567 3270 662 3350 turpe
689 3289 757 3332 non
784 3269 839 3352 sit,
867 3272 936 3333 tum
965 3291 1034 3333 esse

40 3378 92 3425 ron
120 3360 230 3440 turpe,
257 3377 330 3421 cum
357 3355 391 3420 id
418 3378 438 3421 a
464 3353 668 3420 multitudine
694 3318 854 3439 laudetut,
880 3355 964 3441 quod
992 3356 1035 3420 sit

1047 1562 1088 1624 15

40 3466 135 3533 prum
166 3465 224 3528 per
257 3465 291 3508 se
316 3447 439 3508 rectum
466 3447 560 3528 atque
586 3442 762 3527 laudabile;
792 3463 858 3508 non
889 3442 930 3506 ob
963 3464 1034 3508 eam

40 3553 160 3601 tusam
181 3535 292 3597 tamen
312 3531 393 3597 illud
415 3530 479 3596 dici
497 3551 567 3596 csse
585 3529 703 3598 honest
688 3534 772 3615 tum,
794 3530 869 3614 quie
885 3530 1034 3597 laudetur
