2356 3870
286 168 354 225 mn.
373 167 420 224 lv.
449 167 527 223 cAP.
547 174 667 225 13-15.
696 174 852 234 §eo-es.
878 227 881 233 ,
1006 169 1072 234 403

60 329 243 414 aegritudo,
266 333 379 395 metus.
411 330 661 414 Aegrotationes
685 335 793 394 autern
815 330 983 414 morbique
1004 332 1071 395 ani·

60 438 190 484 morum
213 416 375 482 difficilius
403 419 498 482 evelli
525 439 621 501 posse
650 420 804 502 putantur
827 439 923 501 quam
946 440 1073 482 summa

60 505 122 568 illa
154 505 248 588 vitia,
284 527 366 589 quae
401 505 581 570 virtutibus
614 509 689 571 sunt
725 507 896 570 contraria.
947 505 1070 571 Morbis

62 593 151 657 eninr
174 593 380 658 manentibus
398 593 480 658 vitia
499 593 627 671 sublata
645 614 715 658 esse
737 598 886 678 possunt,
909 594 986 676 quia
1006 615 1073 658 non

34 683 133 747 utam
160 680 307 745 celeriter
333 684 500 759 sanantur,
531 702 628 764 quam
654 681 714 744 illa
740 681 907 746 tolluntur.
960 680 1070 746 Habes
1089 700 1123 751 ³3

62 789 111 850 ea,
130 788 212 851 quae
229 766 268 832 de
287 769 585 851 perturbationibus
600 768 764 832 enucleate
780 769 946 852 disputant
960 767 1070 852 Stoici,

62 876 148 940 quae
169 852 286 938 λογικά
305 856 484 939 appellant,
506 856 582 940 quia
604 856 803 920 disseruntur
824 857 983 922 subtilius.
1018 856 1070 922 Ex

62 943 182 1028 quibus
200 944 354 1026 qnoniam
370 947 536 1027 tamquam
555 964 594 1008 ex
615 944 790 1027 scruplosis
814 944 939 1010 cotibus
964 945 1069 1008 enavi-

62 1030 156 1116 gavit
181 1031 299 1116 oratio,
325 1031 468 1115 reliquae
491 1031 719 1114 disputationis
742 1053 870 1096 cursum
894 1036 1070 1116 teneamus,

23 1143 49 1184 ro
62 1118 160 1184 modo
198 1119 278 1184 satis
316 1119 374 1184 illa
405 1118 543 1184 dilucida
575 1119 749 1183 dixerimus
781 1142 840 1203 pro
872 1142 978 1185 rerum
1015 1121 1070 1184 ob·

63 1206 226 1272 scuritate.

128 1293 170 1359 A.
186 1292 322 1359 Prorsus
337 1295 431 1380 satis3
446 1293 502 1358 sed
513 1295 541 1358 si
556 1315 637 1378 quae
648 1294 835 1379 diligentius
847 1300 940 1360 erunt
954 1316 1070 1380 cogno-

63 1381 194 1464 scenda,
215 1403 407 1466 quaeremus
432 1383 526 1464 alias,
548 1403 633 1446 nuuc
656 1383 741 1467 vela,
765 1405 846 1466 quaa
869 1384 962 1448 modo
986 1384 1070 1448 dice·

62 1470 136 1553 bas,
160 1475 366 1552 expectamus
390 1474 422 1535 et
445 1491 581 1534 cursum.

27 1581 51 1624 rs
129 1561 176 1622 M.
199 1557 349 1641 Quando,
372 1561 409 1621 ut
431 1558 504 1622 aliis
526 1557 606 1622 locis
630 1555 668 1620 de
686 1557 806 1622 virtute
825 1561 858 1621 et
878 1559 1015 1623 diximus
1038 1562 1071 1623 et

62 1666 159 1728 saepe
177 1643 345 1709 dicendum
364 1644 425 1710 erit
442 1641 626 1731 (pleraeque
645 1645 731 1709 enim
750 1646 964 1729 quaestiones
988 1668 1070 1730 quae

62 1733 103 1798 ad
126 1733 229 1797 vitam
251 1753 419 1816 moresque
442 1733 618 1817 pertinent,
642 1753 662 1796 a
685 1732 816 1796 virtutis
838 1732 928 1798 fonte
951 1734 1069 1799 ducun-

61 1819 143 1905 tur),
166 1820 294 1904 quando
317 1820 419 1905 igitur
440 1820 543 1884 virtus
563 1823 612 1884 est
635 1819 774 1885 adfectio
797 1821 897 1884 animi
918 1825 1069 1887 constans

62 1909 330 1992 conveniensque,
352 1907 531 1973 laudabiles
554 1907 695 1972 efficiens
719 1928 787 1990 eos,
814 1909 848 1972 in
870 1908 986 1991 quibus
1011 1915 1069 1994 est,

30 2000 96 2061 aet
116 1996 191 2080 ipsa
212 2017 270 2080 per
288 2017 323 2060 se
341 2018 401 2060 sua
418 1999 534 2078 sponte
553 1998 703 2078 separata
721 1996 819 2060 etiam
837 1996 978 2062 utilitate
1000 1997 1069 2063 lau·

63 2082 195 2167 dabilis,
217 2105 257 2148 ex
280 2104 319 2148 ea
339 2083 585 2167 proficiscuntur
603 2083 758 2148 honestae
779 2084 1069 2164 voluntateasm-

61 2171 200 2254 tentiae,
217 2171 361 2237 actiones
380 2170 546 2255 omnisque
564 2175 653 2235 recta
669 2171 769 2254 ratio,
787 2193 980 2255 quamquam
997 2174 1069 2258 ipsa

61 2260 166 2325 virtus
189 2259 387 2324 brevissume
409 2261 498 2322 recta
520 2259 602 2322 ratio
625 2258 688 2323 dici
710 2262 828 2342 potest.
875 2258 981 2335 Huius
1008 2262 1068 2345 igi·

60 2350 115 2412 tur
146 2346 277 2412 virtutis
309 2346 473 2416 contraria
503 2349 553 2410 est
584 2345 745 2410 vitiositas
776 2344 838 2430 (sic
865 2348 951 2417 enim
981 2348 1068 2414 malo

29 2454 162 2520 nquam
190 2434 348 2498 malitiam
376 2433 540 2517 appellare
567 2454 652 2516 earn,
682 2455 777 2516 quam
804 2431 918 2498 Graeci
949 2439 1068 2500 κακίαν

61 2522 243 2606 appellant,
265 2543 342 2585 narn
360 2520 485 2586 malitia
503 2521 582 2586 certi
600 2520 766 2585 cuiusdam
784 2521 855 2585 vitii
873 2543 991 2587 nomen
1010 2526 1068 2607 est,

60 2609 226 2676 vitiositas
245 2606 416 2694 omnium);
440 2630 478 2672 ex
500 2630 565 2692 qua
582 2609 782 2674 concitantur
801 2609 1069 2695 perturbationes,

59 2700 257 2782 quaesunt,
281 2700 319 2760 nt
340 2695 438 2779 paulo
462 2700 536 2760 ante
559 2695 711 2779 diximus,
737 2695 858 2760 turbidi
885 2698 1069 2763 animorum

61 2784 281 2867 concitatique
308 2787 429 2866 motus,
461 2784 565 2848 aversi
593 2784 764 2849 aratione
791 2787 824 2848 et
849 2784 1069 2851 inimicissimi

20 2872 182 2938 amentis
205 2872 355 2955 vitaeque
377 2871 579 2955 tranquillae.
623 2870 795 2954 lnportant
820 2872 905 2936 enim
930 2874 1069 2957 aegritu·

59 2961 154 3029 dines
186 2959 298 3025 anxias
330 2961 426 3042 atque
457 2959 590 3023 acerbas
622 2959 808 3042 animosque
841 2959 1000 3045 adfligunt
1035 2964 1069 3026 et

59 3047 236 3113 debilitant
258 3048 359 3128 metu3
387 3045 484 3110 iidem
507 3046 709 3111 inflammant
732 3047 929 3130 adpetitione
958 3049 1069 3132 nimia,

59 3157 161 3221 qnam
191 3137 261 3198 tum
293 3133 514 3217 cupiditatem,
545 3138 615 3198 tum
644 3133 810 3198 libidinem
838 3134 987 3218 dicimus,
1018 3137 1067 3200 in·

58 3222 243 3307 potentiam
256 3222 417 3304 quandam
432 3221 531 3285 animi
545 3223 792 3306 atemperantia
806 3226 839 3286 et
848 3222 1067 3289 moderatione

15 3326 46 3377 cs
58 3310 238 3396 plurimum
266 3308 483 3374 dissidentem.
532 3308 620 3384 Quae
648 3310 677 3374 si
703 3309 831 3394 quando
860 3311 977 3393 adepta
1006 3313 1067 3375 erit
1085 3331 1118 3381 35

58 3398 107 3483 id,
135 3397 220 3482 quod
249 3396 280 3460 ei
305 3395 404 3461 fuerit
426 3397 644 3480 concupitum,
672 3399 742 3462 tum
770 3398 926 3463 ecferetur
953 3399 1065 3463 alacri·

58 3489 144 3569 tate,
167 3489 204 3550 ut
228 3482 342 3548 ‘nihil
366 3484 400 3548 ei
423 3487 589 3568 constet,
611 3485 710 3569 quod
732 3484 853 3571 agat’,
875 3490 913 3550 ut
930 3487 994 3571 ille,
1012 3488 1067 3573 qui

855 3587 909 3620 aas

1082 1529 1123 1592 15

1088 1607 1123 1654 34
