2346 3876
121 119 184 182 116
282 117 330 171 DE
349 115 494 171 FINIBUS
513 114 692 171 BONORUM
709 114 757 169 ET
776 111 960 168 MALORUM

96 285 176 344 'nec
213 280 252 344 ad
289 277 488 344 commodius
526 277 745 342 disserendum
781 277 857 341 vim.
911 274 950 338 ln
981 272 1128 357 physicis

117 367 292 451 plurimum
324 366 441 450 posuit.
495 365 544 430 Ea
576 365 678 429 scient
680 366 712 429 ia
744 368 776 428 et
762 364 982 428 tverborum
1013 362 1064 426 vis
1097 365 1129 424 et

117 459 233 520 natura
270 455 426 519 orationis
463 457 496 517 ct
531 453 795 554 consequentium
835 450 1128 535 repugnantiumve

117 544 202 608 ratio
234 547 343 627 potest
373 541 528 626 perspici5
559 542 703 605 omnium
732 543 839 605 autem
870 561 980 604 rerum
1011 543 1130 602 natura

118 632 247 717 cognita
212 630 413 696 tlevamur
436 629 676 713 superstitione,
699 628 876 693 liberamur
894 628 1011 692 mortis
1029 631 1128 707 metu,
1140 651 1152 691 s

117 741 183 784 non
202 720 432 784 conturbamur
449 717 652 801 ignoratione
675 738 794 799 rerum,
817 737 834 780 1
855 737 918 800 qua
936 716 1010 798 ipsa
1027 715 1129 779 horri-

117 807 199 871 biles
219 807 319 871 exsist
305 809 378 870 tunt
399 827 495 889 saepe
513 803 714 887 formidines3
737 767 872 888 deriique
890 804 991 868 etiam
1009 803 1128 867 morati

117 895 231 959 melius
251 895 383 976 erimus,
401 915 474 958 cum
493 893 696 957 didicerimus
702 892 806 977 ,quid
823 894 942 956 natura
959 891 1127 956 desideret.

118 982 201 1046 Tum
233 1004 324 1064 vero,
356 982 430 1046 sis
415 981 564 1046 stabilem
597 944 766 1045 scientiam
798 1001 905 1044 rerum
936 980 1127 1056 tenebimus,

118 1073 246 1134 servata
264 1071 336 1152 illa,
358 1090 440 1153 quae
459 1091 552 1152 quas1
544 1068 704 1152 delapsa
723 1068 763 1132 dc
781 1069 870 1133 caelo
890 1071 941 1132 est
959 1067 1001 1133 ad
1019 1069 1127 1152 cogui-
1141 1093 1162 1131 11

116 1159 239 1222 tionem
259 1157 414 1238 omnium,
432 1156 558 1240 regula,
582 1156 622 1220 ad
641 1178 737 1241 quom
756 1157 866 1220 omnia
883 1155 1004 1220 iudicia
1021 1178 1127 1221 rerum

118 1245 263 1330 derigent
265 1267 315 1327 ur,
346 1266 522 1328 numquam
554 1244 652 1308 ullius
685 1245 831 1308 oratione
858 1245 936 1308 victi
968 1245 1128 1309 sententia

65 1347 99 1396 64
118 1333 319 1398 desistemus.
363 1331 437 1397 Nisi
450 1335 567 1396 autem
590 1354 698 1397 rerum
719 1336 837 1396 natura
862 1336 1038 1415 perspecta
1060 1333 1128 1414 erit,

116 1421 205 1486 nullo
246 1420 341 1485 modo
381 1421 559 1504 poterimus
601 1442 752 1485 sensuum
794 1419 913 1484 iudicia
950 1419 1126 1485 defendere.

117 1509 277 1593 Quicquid
304 1530 401 1593 porro
435 1509 541 1572 animo
574 1509 747 1590 cernimus,
779 1507 813 1571 id
846 1529 941 1573 omne
974 1509 1079 1573 oritur
1109 1530 1159 1571 au

118 1598 281 1680 sensibus3
311 1597 366 1681 qui
394 1597 423 1662 si
450 1618 561 1661 omncs
590 1597 657 1660 veri
685 1599 792 1680 erunt,
818 1599 856 1660 ut
881 1594 1016 1680 Epicuri
1047 1597 1125 1661 ratio

118 1686 223 1768 docet,
245 1689 316 1749 tum
335 1684 471 1768 denique
489 1685 612 1767 poterit
630 1684 750 1768 aliquid
771 1685 923 1768 cognosci
942 1687 977 1748 et
999 1685 1125 1768 percipi.

118 1773 204 1850 Quos
238 1773 294 1858 qui
328 1772 450 1836 tollunt
486 1777 518 1836 et
551 1771 635 1836 nihil
666 1792 762 1855 posse
793 1772 918 1855 percipi
950 1772 1075 1854 dicunt,
1104 1772 1125 1834 ii

115 1861 250 1925 remotis
270 1860 417 1924 sensibus
435 1881 477 1924 ne
494 1859 529 1923 id
546 1861 653 1943 ipsum
672 1859 799 1943 quidem
815 1859 966 1942 expedire
982 1863 1125 1944 possunt,
1148 1915 1155 1931 .

118 1949 202 2032 quod
217 1948 387 2012 disserunt.
414 1945 586 2011 Praeterea
603 1947 732 2012 sublata
746 1948 930 2032 cognitione
945 1951 980 2012 et
994 1948 1125 2012 scientia
1136 1971 1157 2010 11

117 2037 244 2100 tollitur
262 2036 367 2099 omnis
390 2035 474 2099 ratio
499 2039 531 2098 et
548 2036 636 2099 vitae
655 2035 817 2118 degendae
838 2039 871 2099 et
888 2056 998 2100 rerum
1016 2057 1125 2120 geren-

118 2124 240 2188 darum.
295 2121 348 2187 Sic
379 2143 396 2187 e
424 2123 570 2206 physicis
599 2127 631 2186 et
662 2122 819 2187 fortitudo
847 2125 987 2188 sumitur
1017 2128 1125 2189 contra

117 2212 233 2276 mortis
255 2211 406 2275 timorem
429 2215 462 2274 et
485 2211 669 2274 constantia
687 2214 799 2276 contra
818 2215 942 2276 metum
959 2210 1125 2297 religionis

118 2305 151 2364 ct
170 2298 293 2364 sedatio
308 2299 409 2362 animi
428 2298 569 2362 omnium
585 2321 691 2362 rerum
706 2298 904 2364 occultarum
922 2300 1125 2385 ignoratione

118 2388 247 2452 sublata
269 2389 302 2451 et
320 2385 499 2451 moderatio
522 2390 581 2450 nat
582 2408 640 2450 ura
659 2386 872 2469 cupiditatum
890 2389 1125 2473 generibusque
1137 2411 1159 2451 11

118 2498 229 2541 earum
248 2474 398 2558 explicat
388 2496 425 2556 rs,
444 2476 486 2557 et,
510 2477 548 2537 ut
566 2473 661 2539 modo
680 2474 782 2555 docui,
801 2476 998 2576 cognitionis
1018 2477 1126 2562 regula

118 2568 151 2628 et
168 2564 287 2628 iudicio
307 2563 348 2627 ab
362 2523 486 2627 eodem
490 2561 546 2626 illo
561 2565 665 2650 constr
654 2562 737 2626 ituto
748 2563 817 2627 veri
827 2585 847 2627 u
859 2563 946 2628 falso
962 2564 1127 2630 distinctio

118 2652 266 2716 traditur.

65 2711 109 2837 ΞΟ
184 2739 300 2803 Restat
335 2738 424 2801 locus
460 2737 535 2800 huic
570 2736 784 2820 disputationi
819 2739 870 2803 vel
902 2741 1046 2805 maxime
1076 2763 1128 2805 rre-

65 2788 277 2891 65cassarius
301 2824 340 2889 de
364 2824 521 2906 amicitia,
543 2846 653 2907 quam,
677 2825 837 2908 s1volupt
839 2848 874 2890 as
899 2849 1065 2893 summum
1088 2830 1167 2892 1111

117 2915 252 2996 bonum,
276 2911 428 2977 affirmat
404 2915 447 2976 111
469 2912 592 2975 nullam
617 2913 748 2977 omnino
770 2911 849 2977 fore.
893 2913 943 2978 De
967 2938 1033 3001 qua
1054 2917 1129 3001 Epi·

118 3024 214 3066 curus
237 3000 412 3085 quidemt
385 3023 397 3063 1
414 3022 434 3064 a
398 3000 542 3082 tdicit,
565 3000 709 3064 omnium
727 3021 849 3082 rerum,
872 3023 952 3084 quas
972 3003 1014 3068 ad
1037 3006 1130 3070 beate

117 3089 290 3155 vivendum
323 3087 483 3170 sapientia
515 3088 764 3172 comparaverit,
799 3088 884 3152 nihil
916 3112 987 3155 esse
1025 3094 1131 3158 maius

119 3179 274 3260 amicitia,
297 3175 379 3240 nihil
398 3174 542 3256 uberius,
564 3173 645 3238 nihil
663 3174 842 3240 iucundius.
882 3175 951 3243 Neo
970 3201 1051 3245 vero
1070 3181 1132 3245 hoc

118 3268 263 3331 oratione
296 3262 416 3344 solum,
449 3260 504 3324 sed
533 3223 637 3325 inulto
669 3264 774 3346 magis
806 3265 875 3328 vita
906 3269 939 3329 et
970 3266 1072 3333 factis
1099 3272 1167 3333 ctu

118 3355 264 3418 moribus
283 3349 516 3432 comprobavit.
557 3347 649 3449 Quod
668 3371 764 3433 quam
783 3371 1013 3437 magnum,
958 3355 1003 3418 sit
1036 3358 1133 3421 fictae

112 3445 257 3504 veterum
277 3437 410 3503 fabulae
431 3436 610 3522 declarant,
581 3437 666 3501 tin
688 3437 804 3521 quibus
827 3442 895 3504 tem
913 3405 1027 3508 multis
1049 3449 1133 3509 tam·
