2346 3876
308 165 377 220 nvn.
394 165 441 221 1v.
470 144 691 223 CAP.11-13,
718 170 873 231 scs-ao.
1028 165 1093 231 401

86 327 309 391 enimomnes
334 327 436 410 anxii,
462 328 518 410 qui
540 332 704 412 anguntur
727 327 913 411 aliquando,
939 349 1011 406 nec,
1039 328 1095 411 qui

87 415 189 497 anxii,
211 435 337 498 semper
360 419 536 499 anguntur,
562 421 600 480 ut
626 416 711 479 inter
732 415 922 480 ebrietatem
948 420 978 479 ct
1002 415 1096 480 ebrio

85 504 208 568 silam
238 503 385 581 interest,
418 502 568 587 aliudque
603 506 653 567 est
685 505 863 568 amatorem
893 523 977 584 esse,
1010 502 1096 567 aliud

85 593 260 655 amantem.
305 591 411 674 Atque
434 590 515 655 haec
538 591 675 656 aliorum
698 591 740 655 ad
764 591 844 655 alios
868 591 998 656 morbos
1023 612 1096 672 pro-

58 679 217 743 oclivitas
249 679 316 743 late
347 681 452 762 patet3
484 701 559 744 nam
591 679 732 762 pertinet
763 679 803 742 ad
831 700 942 743 onmes
971 683 1096 761 pertur-

84 767 249 850 bationes3
277 766 313 830 in
340 766 450 831 multis
479 765 574 830 etiam
592 766 693 831 vitiis
721 769 867 849 apparet,
898 766 954 831 sed
977 787 1095 830 nomen
1113 777 1148 826 28

84 876 137 919 rer
160 875 229 918 non
251 853 358 918 habet.
404 853 493 938 Ergo
518 857 550 918 et
571 854 673 918 invidi
697 856 730 918 et
751 854 896 919 malivoli
919 856 967 935 [et
989 854 1094 935 lividi]

85 945 120 1006 et
146 941 255 1005 timidi
282 945 315 1005 et
341 941 576 1024 misericordes,
607 942 682 1026 quia
704 942 862 1025 proclives
886 941 927 1006 ad
950 963 1003 1006 eas
1026 964 1096 1025 pcr-

84 1029 303 1113 turbationes,
324 1051 391 1094 non
412 1029 489 1114 quia
511 1051 652 1114 semper,
678 1028 832 1096 feruntur.
883 1028 973 1094 Haec
996 1030 1096 1113 igitur

38 1136 74 1184 ro
85 1117 277 1201 proclivitas
314 1116 355 1180 ad
387 1139 480 1182 suum
517 1117 663 1201 quodque
696 1137 798 1202 genus
831 1139 851 1182 a
887 1117 1095 1182 similitudine

86 1205 233 1288 corporis
266 1205 445 1289 aegrotatio
478 1205 616 1288 dicatur,
648 1205 726 1270 dum
758 1227 796 1270 ca
822 1207 1028 1290 intellegatur
1056 1205 1096 1270 ad

87 1292 323 1377 aegrotandum
351 1293 546 1375 proclivitas.
600 1290 663 1358 Sed
693 1292 774 1358 haec
805 1293 839 1358 in
866 1295 961 1359 bonis
990 1294 1096 1376 rebus,

85 1380 174 1465 quod
202 1380 259 1444 alii
287 1381 328 1445 ad
355 1381 420 1444 alia
446 1381 531 1445 bona
554 1384 630 1445 sunt
652 1382 807 1463 aptiores,
835 1380 1016 1445 facilitas
1038 1404 1096 1446 no·

86 1469 239 1550 minetur,
256 1468 291 1532 in
304 1469 399 1532 malis
417 1469 661 1551 proclivitas,
680 1471 717 1533 ut
731 1467 890 1552 significet
906 1468 1096 1553 lapsionem,

39 1576 73 1622 us
86 1557 122 1622 in
144 1556 268 1621 neutris
290 1555 409 1622 habeat
433 1557 578 1639 superius
600 1576 727 1621 nomen.
771 1563 773 1566 ⁴

155 1643 336 1720 Quomodo
355 1647 463 1707 autem
481 1644 516 1708 in
534 1664 667 1726 corpore
686 1646 737 1707 cst
754 1644 895 1725 morbus,
914 1647 964 1708 est
982 1662 1096 1725 aegro·
1108 1639 1149 1703 13

85 1732 184 1814 tatio,
213 1735 262 1795 est
284 1731 412 1815 vitium,
440 1731 542 1795 sicin
566 1731 681 1795 animo.
726 1729 899 1794 Morbum
929 1730 1098 1814 appellant

85 1819 189 1885 totius
203 1819 345 1901 corporis
363 1818 611 1902 corruptionem,
625 1819 1095 1902 aegrotationem-morbum

87 1928 162 1972 cum
185 1906 422 1989 imbecillitate,
444 1907 597 1988 vitium,
620 1927 693 1971 cum
715 1909 824 1989 partes
843 1906 986 1989 corporis
1010 1907 1096 1971 inter
1114 1927 1149 1976 29

43 2015 123 2061 arse
146 1992 319 2072 dissident,
347 2016 386 2058 ex
413 2014 476 2077 quo
503 1994 647 2076 pravitas
675 1994 906 2077 membrorum,
936 1993 1096 2077 distortio,

87 2081 288 2146 deformitas.
335 2081 449 2165 Itaque
481 2082 538 2145 illa
570 2081 646 2165 duo,
678 2082 809 2147 morbus
842 2085 875 2146 et
907 2082 1096 2166 aegrotatio,

88 2191 128 2237 ex
154 2169 256 2233 totius
283 2169 477 2234 valetudinis
505 2171 650 2252 corporis
677 2169 947 2253 conquassatione
970 2173 1008 2239 et.
1025 2191 1096 2252 per-

85 2257 272 2322 turbatione
291 2258 483 2343 gignuntur,
505 2257 620 2322 vitium
639 2260 747 2322 autem
766 2259 893 2341 integra
910 2257 1096 2322 valetudine

86 2344 197 2429 ipsum
223 2365 262 2408 ex
290 2367 324 2409 se
351 2345 502 2408 cernitur.
553 2342 616 2408 Sed
645 2345 680 2409 in
707 2344 815 2408 animo
843 2348 973 2408 tantum
1000 2343 1096 2410 modo

50 2432 287 2516 recogitatione
314 2454 484 2516 possumus
507 2433 655 2496 morbum
679 2432 719 2496 ab
748 2432 970 2514 aegrotatione
993 2433 1096 2497 seiun-

87 2540 178 2605 gere;
210 2520 409 2585 vitiositas
438 2522 546 2584 autem
573 2523 622 2583 est
651 2519 781 2583 habitus
810 2523 867 2583 aut
894 2517 1032 2582 adfectio
1062 2520 1097 2582 in

86 2611 159 2672 tota
189 2607 258 2671 vita
289 2608 474 2672 inconstans
506 2611 539 2671 et
570 2629 589 2671 a
622 2627 657 2671 se
688 2606 759 2689 ipsa
791 2606 992 2670 dissentiens.
1045 2605 1097 2670 Ita

87 2695 141 2778 fit,
162 2698 200 2759 ut
222 2695 256 2759 in
274 2695 377 2760 altera
396 2695 601 2779 corruptione
621 2695 809 2778 opinionum
825 2693 958 2759 morbus
978 2693 1096 2758 efficia·

87 2785 143 2847 tur
161 2784 195 2846 et
212 2783 400 2866 aegrotatio,
420 2783 455 2847 in
469 2783 571 2847 altera
589 2783 808 2847 inconstantia
826 2785 859 2846 et
871 2783 1096 2866 repugnantia.

48 2867 165 2937 roNon
188 2869 273 2934 enim
297 2891 393 2935 omne
415 2871 529 2935 vitium
557 2871 645 2954 paris
672 2869 772 2935 habet
800 2868 1030 2948 dissensiones,
1059 2873 1097 2934 ut

87 2979 213 3040 eorum,
235 2958 375 3041 quinon
396 2959 493 3041 longe
512 2981 531 3023 a
549 2957 709 3041 sapientia
732 2958 864 3039 absunt,
887 2956 1024 3022 adiectio
1048 2960 1097 3021 est

86 3045 145 3110 illa
172 3044 301 3129 quidem
328 3045 513 3129 discrepans
541 3046 605 3110 sibi
633 3045 719 3129 ipsa,
746 3045 822 3108 dum
849 3049 899 3110 est
930 3045 1097 3128 insipiens,

87 3133 145 3197 sed
171 3154 239 3197 non
266 3133 404 3199 distorta
425 3154 484 3198 nec
510 3155 619 3216 prava.
663 3131 771 3197 Morbi
800 3136 907 3197 autem
931 3137 963 3196 et
985 3152 1096 3215 aegro·

85 3220 229 3286 tationes
260 3225 369 3304 partes
402 3225 478 3285 sunt
510 3221 715 3303 vitiositatis,
748 3219 804 3284 scd
836 3218 1095 3303 perturbationes

45 3332 73 3375 ss
87 3309 196 3373 sintne
224 3309 364 3372 eiusdem
392 3311 516 3391 partes,
544 3308 688 3392 quaestio
716 3312 773 3372 est
818 3306 909 3371 Vitia
933 3307 1018 3370 enim
1041 3305 1095 3370 ad·
1113 3322 1152 3375 8⁰

86 3395 244 3461 sectiones
277 3400 351 3461 sunt
384 3400 562 3478 manentes,
594 3395 854 3478 perturbationes
887 3398 996 3458 autern
1028 3415 1096 3459 mo·
1143 3396 1152 3499 j

86 3487 211 3566 ventes,
235 3487 359 3549 utnon
380 3483 507 3566 possint
529 3483 746 3548 adfectionum
764 3481 964 3546 manentium
985 3486 1095 3564 partes
1150 3504 1152 3515 ·

141 3585 248 3629 crc.1v.
262 3590 281 3627 1.
853 3591 892 3639 sc,
