2356 3870
317 176 385 234 LIB.
403 177 424 234 I.
453 176 529 232 CAP.
548 183 670 233 40-42.
702 182 718 243 δ
737 182 876 235 96-100.
1037 179 1101 243 317

40 340 43 350 “
106 326 262 402 humilis
289 337 400 403 futura
427 342 477 403 est
510 339 709 422 perpetuitas
737 339 842 403 omnis
875 342 1100 425 consequentis

108 412 261 508 tempori-s,
285 426 356 510 quis
380 448 431 490 me
455 426 602 490 beatior?
653 425 711 492 Sin
733 448 811 491 vera
832 431 921 510 sunt,
951 449 1032 511 quae
1056 429 1101 494 di·
1119 449 1153 500 98

108 518 219 596 entur,
246 513 476 598 migrationem
504 536 576 579 esse
602 519 739 578 mortem
762 515 873 579 ineas
897 538 984 598 oras,
1012 539 1101 601 quas,

61 674 65 679 ,
107 600 149 680 qui
160 623 182 665 -e
198 601 269 665 vita
285 604 507 685 excesserunt,
530 602 689 685 incolunt,
712 603 746 666 id
764 603 869 668 multo
887 604 953 667 iam
974 604 1100 668 beatius

86 690 151 752 aaa.
185 688 286 771 Tene,
309 711 381 754 cum
399 690 520 772 abiis,
542 691 597 773 qui
617 711 651 754 se
669 690 809 754 iudicum
831 712 964 756 numero
988 691 1101 756 haberi

101 776 217 861 volunt,
236 777 391 860 evaseris,
408 776 450 841 ad
469 799 523 841 eos
541 777 664 860 venire,
685 779 832 861 quivere
851 779 973 843 iudices
992 780 1100 862 appel-

96 861 209 957 lentur,
239 863 395 948 Minoem,
423 864 722 948 Rhadamanthum,
754 865 911 950 Aeacum,
943 867 1099 950 Triptole-

94 972 192 1036 mum,
215 953 448 1037 convenireque
468 974 531 1035 eos,
550 953 606 1036 qui
624 953 709 1018 iuste
726 959 756 1018 et
773 974 846 1018 cum
866 954 928 1018 fide
947 954 1099 1019 vixerintl

91 1037 181 1106 llaec
202 1040 422 1124 peregrinatio
446 1041 616 1106 mediocris
639 1041 732 1106 vobis
755 1041 857 1106 videri
878 1043 1009 1125 potest?
1053 1041 1101 1108 Ut

62 1149 166 1194 overe
186 1127 340 1211 conloqui
358 1128 592 1212 oumOrpheo,
609 1126 755 1210 Musaeo,
778 1129 936 1213 Homero,
956 1129 1099 1196 Hesiodo

89 1217 200 1299 liceat,
232 1215 345 1300 quanti
375 1216 507 1280 tandem
543 1217 745 1281 aestimatis?
804 1216 965 1302 Equidem
1002 1240 1099 1302 saepe

89 1305 206 1387 emori,
229 1304 258 1368 si
279 1303 350 1368 fieri
371 1308 496 1387 posset,
519 1305 650 1387 vellem,
673 1308 710 1368 ut
733 1326 784 1387 ea,
806 1327 888 1388 quae
911 1306 996 1389 dico,
1019 1307 1099 1371 mihi

88 1392 204 1458 liceret
223 1392 377 1456 invenire
418 1390 548 1467 Quanta
569 1391 783 1456 delectatione
806 1397 915 1457 autem
938 1395 1099 1477 adficerer,

90 1501 164 1546 cum
177 1479 392 1561 Palamedem,
410 1501 481 1543 cum
497 1479 639 1561 Aiacem,
657 1501 731 1544 cum
749 1480 831 1545 alios
849 1480 968 1546 iudicio
987 1483 1099 1566 iniquo

57 1569 327 1639 acireumventos
355 1568 572 1632 convenirem!
621 1566 830 1650 Temptarem
858 1568 958 1631 etiam
982 1571 1100 1645 summi

88 1656 192 1740 regis,
215 1655 269 1739 qui
293 1656 451 1720 maximas
476 1656 585 1738 copias
609 1654 701 1719 duxit
723 1655 764 1719 ad
786 1652 930 1738 Troiam,
956 1661 989 1719 et
1011 1655 1100 1721 Ulixi

89 1743 287 1828 Sisyphique
314 1743 532 1826 prudentiam,
557 1764 616 1807 nec
643 1743 685 1806 ob
713 1763 785 1806 eam
812 1763 894 1826 rem,
913 1763 994 1807 oum
1019 1743 1100 1808 haec

89 1832 306 1916 exquirerem,
329 1831 413 1895 sieut
432 1830 487 1896 hic
509 1830 681 1913 faciebam,
704 1830 810 1913 capite
833 1830 1011 1895 damnarer.
1048 1831 1099 1897 Ne

89 1942 148 1986 ros
176 1918 320 2003 quidem,
348 1918 469 1983 iudices
497 1918 534 2001 ii,
567 1919 622 2002 qui
649 1939 701 1983 me
728 1917 930 2002 absolvistis,
962 1922 1098 1983 mortem

58 2007 273 2073 »timueritis
318 2005 388 2071 Nec
415 2007 500 2071 enim
528 2006 676 2091 cuiquam
704 2006 790 2070 bono
817 2006 896 2070 mali
927 2007 1150 2091 quicquamst

90 2098 219 2161 evenire
241 2096 352 2178 potest
373 2115 433 2159 nec
450 2095 525 2159 vivo
543 2115 603 2158 nec
620 2097 761 2177 mortuo,
782 2115 843 2159 nec
860 2117 1012 2178 umquam
1030 2095 1123 2195 eius*

89 2205 140 2248 res
159 2205 181 2248 a
199 2182 249 2247 dis
272 2182 497 2246 inmortalibus
520 2182 744 2266 neglegentur,
767 2203 826 2246 neo
849 2182 929 2246 mihi
951 2183 1015 2266 ipsi
1036 2183 1098 2247 hoc

91 2270 210 2338 accidit
230 2269 374 2334 fortuito.
409 2267 480 2334 Nec
497 2290 574 2333 vero
593 2289 653 2353 ego
672 2270 726 2352 iis,
748 2292 769 2333 a
790 2270 906 2354 quibus
930 2276 1098 2335 accusatus

91 2362 149 2436 aut
171 2378 192 2423 a
215 2357 330 2442 quibus
354 2358 583 2422 condemnatus
613 2379 698 2439 sum,
725 2356 829 2421 habeo
858 2357 943 2440 quod
971 2380 1098 2423 suscen-

62 2465 196 2527 saeam,
216 2445 282 2509 nisi
305 2445 391 2530 quod
408 2444 489 2508 mihi
507 2465 622 2509 nocere
641 2465 675 2508 se
694 2442 917 2508 crediderunt?
954 2444 1000 2509 Et
1017 2445 1099 2511 haec

91 2534 222 2621 quidem
245 2532 307 2597 hoe
329 2531 439 2614 mod03
464 2532 547 2597 nihil
569 2536 677 2596 autem
699 2531 812 2596 melius
837 2535 992 2596 extremo:
1026 2531 1099 2597 ‘sed

89 2627 222 2706 tempus
244 2619 319 2702 est’,
345 2620 465 2704 inquit,
492 2619 571 2684 ‘iam
593 2620 668 2684 hinc
696 2619 785 2683 abire
811 2640 876 2702 me,
906 2623 944 2683 ut
971 2621 1099 2702 moriar,

90 2732 163 2792 vos,
191 2711 229 2772 ut
253 2708 356 2772 vitam
383 2708 499 2792 agatis.
548 2706 665 2786 Utrum
698 2710 806 2771 autem
836 2709 880 2771 sit
908 2708 1035 2789 melius,
1067 2708 1100 2772 di

88 2795 283 2863 inmortales
323 2795 441 2878 sciunt,
477 2795 641 2859 hominem
676 2794 808 2878 quidem
834 2795 923 2859 -scire
960 2795 1100 2861 arbitror

55 2881 276 2951 unaminem?

157 2970 210 3037 Ne
241 2991 303 3055 ego
334 2969 421 3035 haud
451 2969 549 3053 paulo
576 2969 662 3034 hunc
689 2970 832 3034 animum
860 2970 971 3035 malim
1002 2976 1152 3056 quam42

91 3072 205 3126 eornm
241 3059 384 3123 omnium
420 3058 582 3142 fortunas,
618 3058 674 3142 qui
706 3058 744 3122 de
776 3056 838 3124 hoc
870 3059 1099 3124 iudicaverunt.

88 3148 181 3231 Etsi,
212 3147 297 3231 quod
327 3149 458 3229 praeter
485 3146 565 3210 deos
592 3148 691 3230 negat
720 3146 802 3210 scire
829 3168 1035 3231 quemquam,
1066 3147 1100 3211 id

90 3237 155 3305 ecit
177 3236 247 3318 ipse
270 3235 378 3298 utrum
400 3233 445 3298 sit
466 3233 594 3318 melius,
616 3255 693 3298 nam
716 3233 798 3299 dixit
816 3241 910 3318 anter
928 3235 984 3298 sed
1006 3257 1100 3300 suum

49 3323 188 3408 afflue,
219 3321 302 3386 nihil
333 3323 370 3385 ut
401 3321 562 3401 adfirmet,
589 3325 678 3385 tenet
705 3321 744 3385 ad
775 3327 963 3387 extremum.
1008 3322 1077 3387 Nos
1102 3343 1152 3392 100

87 3415 202 3477 autem
233 3414 419 3491 teneamus,
453 3412 491 3472 ut
526 3408 608 3474 nihil
640 3430 826 3474 censeamus
861 3431 932 3474 esse
969 3411 1100 3494 malum,

92 3498 176 3586 quod
205 3498 250 3563 eit
275 3519 297 3562 a
321 3499 439 3561 natura
465 3496 576 3562 datum
604 3498 770 3581 omnibus,
800 3498 1100 3584 intellegamusque,
1147 3508 1151 3513 '
