2346 3876
316 142 382 196 LIB.
401 143 436 197 V.
464 141 541 198 cAP.
562 147 683 196 13-15.
711 147 726 207 ἓ
745 148 867 200 38-42.
1028 143 1093 208 253

83 325 201 369 sensus
230 303 325 368 modo
352 303 383 367 ei
410 303 504 368 datus
532 304 589 382 sit,
616 325 726 368 verum
754 305 854 369 etiam
882 306 1008 370 animus
1038 306 1094 371 ho-

84 391 207 456 minis?
238 412 305 456 non
334 412 464 455 necesse
493 394 542 455 est
568 394 601 455 et
629 391 686 456 illo
712 392 853 474 pristina
882 415 1025 476 manere,
1056 398 1093 458 ut

83 478 208 545 tuenda
231 479 310 562 sint,
339 482 372 542 et
394 479 474 543 haec
496 478 600 544 multo
624 500 693 543 esse
716 481 854 564 curiora,
884 502 965 565 quae
988 503 1094 546 occes-

85 567 203 650 serint,
214 567 399 668 animique
431 566 588 650 optimam
620 588 778 652 quemque
810 573 936 652 purtem
968 569 1094 634 carissi·

58 677 210 806 emam,t
211 654 246 718 in
268 675 369 738 eaque
391 655 571 738 expletione
593 660 729 719 naturae
753 657 870 720 summi
896 656 974 722 boni
996 657 1094 721 finem

85 743 210 808 consist
211 763 276 824 erc,
299 763 372 806 cum
389 742 486 893 longe
505 743 588 806 mult
574 746 707 827 tumque
725 747 870 826 praestet
887 766 979 808 mens
998 748 1094 829 etque

84 830 195 896 ratio?
246 827 299 894 Sic
330 831 431 894 eelim
461 833 638 894 extremum
665 831 810 895 omnium
842 830 1093 914 appetendorum

85 923 185 1002 atque
208 917 341 982 ductum
359 940 379 981 a
400 918 507 1001 primo
527 918 806 983 commendatione
828 924 963 983 naturae
982 921 1093 984 multis

85 1006 242 1092 gradibus
270 1004 437 1070 adscendi
422 1009 449 1087 ,
475 1009 513 1069 ut
535 1006 574 1070 ed
599 1027 760 1070 summum
782 1008 980 1090 perveniret,
1010 1008 1093 1090 quod

48 1122 72 1159 ιι
86 1094 272 1160 cumulatur
294 1115 333 1156 ex
355 1093 542 1177 integritate
562 1095 704 1177 corporis
723 1098 758 1158 et
776 1116 815 1158 ex
834 1095 951 1160 mentis
968 1096 1094 1160 ratione

85 1181 238 1267 perfecte.
1106 1231 1144 1294 15

152 1267 237 1334 (lum
259 1269 359 1353 igitur
381 1291 419 1333 ee
441 1270 498 1352 sit,
526 1291 622 1353 quam
646 1271 794 1355 exposui,
821 1270 926 1336 forma
948 1276 1094 1355 naturae,
1112 1309 1144 1356 41

86 1360 128 1442 si,
150 1361 188 1422 ut
211 1357 305 1421 initio
329 1356 407 1440 dixi,
431 1357 529 1421 simul
552 1362 648 1440 etque
666 1361 757 1423 ortus
781 1364 879 1442 esset,
903 1382 936 1424 se
959 1361 1093 1443 quisque

86 1448 297 1531 cognosceret
327 1444 530 1528 iudicareque
560 1449 682 1528 posset,
721 1462 802 1530 quae
838 1447 892 1511 vis
924 1452 957 1512 et
992 1449 1093 1512 totius

50 1560 73 1599 ιι
87 1537 174 1599 esset
206 1536 341 1597 naturae
374 1537 407 1596 et
437 1533 581 1616 partium
614 1534 827 1634 singularum,
859 1535 1012 1599 continuo
1048 1535 1093 1600 vi-

87 1622 193 1705 deret,
212 1619 288 1705 quid
307 1642 375 1685 esse
377 1620 483 1704 thoc,
502 1619 587 1704 quod
605 1620 798 1704 quaerimus,
817 1622 960 1685 omnium
978 1643 1094 1704 rerum,

86 1731 167 1795 ques
191 1709 382 1792 expetimus,
405 1730 565 1772 summum
589 1713 622 1772 ct
644 1708 807 1786 ultimum,
831 1729 891 1772 nec
913 1709 1037 1773 ullam
1058 1731 1093 1772 re

86 1818 222 1882 peccare
255 1799 373 1879 posset
425 1794 519 1860 Nunc
548 1817 624 1861 vero
655 1818 675 1860 a
707 1796 812 1879 primo
841 1795 969 1879 quidem
998 1796 1094 1861 mirc-

87 1886 200 1950 biliter
227 1885 353 1948 occulte
380 1887 498 1948 nature
524 1886 660 1948 estnec
686 1883 825 1967 perspici
853 1904 912 1947 nec
943 1884 1093 1984 cognosci

50 1976 206 2057 upotest.
252 1970 535 2072 Progredicntibus
563 1975 670 2036 eutem
694 1975 746 2035 aet
732 1972 855 2036 tatibus
887 1972 1006 2036 sensim
1029 1974 1093 2036 ter-

87 2061 167 2125 deve
190 2059 300 2143 potius
324 2059 416 2143 qussi
438 2059 677 2142 nosmet1psos
703 2061 935 2144 cognoscimus.
981 2059 1094 2144 Itaque

85 2149 196 2231 primo
216 2148 275 2211 ills
301 2146 515 2211 commendet
490 2151 550 2225 t1o,
578 2168 660 2231 quac
688 2169 707 2211 ι
733 2151 850 2212 nature
876 2148 980 2212 nostri
1007 2149 1095 2212 fecte

87 2240 139 2300 est
155 2234 265 2319 nobis,
287 2235 410 2299 incerta
428 2239 461 2298 et
479 2235 617 2298 obscura
635 2238 698 2315 est,
721 2235 922 2386 primusque
931 2227 1094 2337 appetitus

86 2323 144 2388 ille
172 2323 274 2388 enimi
300 2325 430 2386 tantum
458 2323 539 2406 agit,
514 2326 602 2386 tut
629 2323 712 2386 salvi
745 2323 882 2406 atquc'
872 2326 922 2386 1nt
924 2324 991 2406 egri
1025 2345 1093 2387 esse

51 2411 262 2495 opossimus
307 2407 388 2474 Cum
411 2413 520 2473 eutem
543 2409 698 2493 dispicere
722 2410 884 2492 coepimus
912 2413 945 2472 et
967 2410 1095 2493 sentire,

87 2498 216 2583 quid
190 2520 290 2562 simus
313 2502 347 2562 et
362 2497 455 2599 'quid
465 2498 505 2562 ab
525 2497 744 2562 animantibus
763 2497 876 2560 ceteris
900 2495 1094 2579 differemus,

87 2592 158 2652 tum
184 2608 222 2650 ee
245 2585 336 2669 sequi
358 2585 543 2669 incipimus,
567 2585 607 2648 cd
631 2605 711 2668 quae
732 2584 803 2649 nati
825 2605 944 2648 sumus
978 2583 1094 2684 ‘Quom
1113 2605 1144 2652 ιι

36 2704 43 2709 ·
88 2673 335 2738 similitudinem
358 2672 536 2737 videmus
525 2695 560 2737 m
582 2672 711 2750 bestiis,
735 2691 816 2756 quoe
833 2671 952 2754 primo,
974 2671 1009 2735 in
1032 2693 1094 2755 quo

88 2763 159 2827 loco
190 2765 287 2826 natae
317 2763 406 2838 sunt,
436 2782 474 2825 ex
504 2782 541 2826 eo
572 2781 605 2824 se
634 2781 700 2824 non
734 2762 949 2842 commovent,
981 2759 1095 2824 deinde

54 2870 149 2914 cosuo
182 2869 326 2932 quaeque
358 2848 504 2931 appetitu
535 2851 695 2929 moretum
732 2867 858 2930 serpere
898 2847 1095 2931 anguiculos,

88 2958 167 3002 nare
191 2935 384 3018 anaticulas,
412 2936 540 3000 evolare
569 2934 721 3016 merulas,
749 2934 898 2998 cornibus
921 2934 970 2998 uti
996 2936 1094 3000 boves

88 3025 249 3108 videmus,
272 3045 373 3106 nepas
393 3023 525 3106 aculeis,
548 3043 639 3087 suam
661 3022 797 3105 denique
814 3023 928 3106 cuique
946 3026 1095 3087 naturam

90 3133 161 3178 esse
185 3110 225 3175 sd
246 3110 418 3175 vivendum
441 3111 562 3176 ducem.
607 3109 696 3185 Quae
720 3110 896 3175 similitudo
921 3111 954 3174 in
978 3131 1094 3194 genere

90 3200 191 3264 etiem
219 3199 361 3262 humano
390 3201 533 3282 apparet.
582 3196 679 3263 Parvi
708 3197 791 3262 enim
818 3199 922 3283 primo
946 3201 1018 3261 ortu
1049 3197 1095 3261 sic

57 3311 78 3350 ι
90 3287 211 3369 iacent,
233 3291 399 3369 tamquam
422 3285 551 3351 omnino
570 3286 639 3351 sinc
658 3285 765 3350 animo
789 3285 869 3368 sint3
892 3306 965 3348 cum
988 3287 1096 3348 cutem

90 3375 224 3458 paulum
246 3373 409 3438 firmitatis
433 3373 580 3457 accessit,
603 3377 637 3439 et
655 3373 763 3438 animo
782 3375 917 3436 utuntur
940 3374 974 3435 et
995 3370 1095 3434 sensi·

91 3463 151 3526 bus
170 3461 426 3545 conitunturque,
445 3482 514 3526 sese
532 3461 723 3544 uterigant,
742 3463 774 3523 et
792 3457 942 3523 menibus
960 3459 1097 3523 utuntur
1127 3484 1144 3603 ⁴
