<?xml version="1.0" encoding="UTF-8"?>
<!DOCTYPE html PUBLIC "-//W3C//DTD XHTML 1.0 Transitional//EN"
    "http://www.w3.org/TR/xhtml1/DTD/xhtml1-transitional.dtd">
<html xmlns="http://www.w3.org/1999/xhtml" xml:lang="en" lang="en">
 <head>
  <title>
</title>
<meta http-equiv="Content-Type" content="text/html;charset=utf-8" />
  <meta name='ocr-system' content='tesseract 3.04.00' />
  <meta name='ocr-capabilities' content='ocr_page ocr_carea ocr_par ocr_line ocrx_word'/>
</head>
<body>
  <div class='ocr_page' id='page_1' title='image "./mtulliiciceroni00mlgoog_0409.png"; bbox 0 0 2346 3876; ppageno 0'>
   <div class='ocr_carea' id='block_1_1' title="bbox 103 162 922 230">
    <p class='ocr_par' dir='ltr' id='par_1_1' title="bbox 103 162 922 230">
     <span class='ocr_line' id='line_1_1' title="bbox 103 162 922 230; baseline -0.016 1"><span class='ocrx_word' id='word_1_1' title='bbox 103 165 169 230; x_wconf 86' lang='grc'>360</span> <span class='ocrx_word' id='word_1_2' title='bbox 300 162 599 220; x_wconf 82' lang='lat' dir='ltr'>TUSCULANARUM</span> <span class='ocrx_word' id='word_1_3' title='bbox 616 162 922 220; x_wconf 82' lang='lat' dir='ltr'>DISPUTATIONUM</span> 
     </span>
    </p>
   </div>
   <div class='ocr_carea' id='block_1_2' title="bbox 103 326 1147 1728">
    <p class='ocr_par' dir='ltr' id='par_1_2' title="bbox 103 326 1147 1728">
     <span class='ocr_line' id='line_1_2' title="bbox 103 326 1099 411; baseline 0 -18"><span class='ocrx_word' id='word_1_4' title='bbox 103 327 219 393; x_wconf 78' lang='lat' dir='ltr'>Graeci</span> <span class='ocrx_word' id='word_1_5' title='bbox 245 326 362 393; x_wconf 83' lang='lat' dir='ltr'>volunt</span> <span class='ocrx_word' id='word_1_6' title='bbox 389 326 440 390; x_wconf 93' lang='lat' dir='ltr'>illi</span> <span class='ocrx_word' id='word_1_7' title='bbox 468 326 611 411; x_wconf 84' lang='lat' dir='ltr'>quidem,</span> <span class='ocrx_word' id='word_1_8' title='bbox 641 326 697 390; x_wconf 89' lang='lat' dir='ltr'>sed</span> <span class='ocrx_word' id='word_1_9' title='bbox 724 348 840 408; x_wconf 87' lang='lat' dir='ltr'>parum</span> <span class='ocrx_word' id='word_1_10' title='bbox 867 326 978 391; x_wconf 86' lang='lat' dir='ltr'>valent</span> <span class='ocrx_word' id='word_1_11' title='bbox 1003 329 1099 409; x_wconf 82' lang='lat' dir='ltr'>verb03</span> 
     </span>
     <span class='ocr_line' id='line_1_3' title="bbox 105 414 1100 501; baseline 0 -21"><span class='ocrx_word' id='word_1_12' title='bbox 105 438 200 501; x_wconf 86' lang='lat' dir='ltr'>quern</span> <span class='ocrx_word' id='word_1_13' title='bbox 227 438 287 480; x_wconf 88' lang='lat' dir='ltr'>nos</span> <span class='ocrx_word' id='word_1_14' title='bbox 315 414 497 497; x_wconf 87' lang='lat' dir='ltr'>furorem,</span> <span class='ocrx_word' id='word_1_15' title='bbox 530 415 752 498; x_wconf 78' lang='grc' dir='ltr'><strong><em>μελαγχολίαν</em></strong></span> <span class='ocrx_word' id='word_1_16' title='bbox 779 414 829 478; x_wconf 92' lang='lat' dir='ltr'>illi</span> <span class='ocrx_word' id='word_1_17' title='bbox 861 419 991 498; x_wconf 78' lang='lat' dir='ltr'>vocant3</span> <span class='ocrx_word' id='word_1_18' title='bbox 1021 416 1100 500; x_wconf 80' lang='lat' dir='ltr'><strong>quasi</strong></span> 
     </span>
     <span class='ocr_line' id='line_1_4' title="bbox 104 502 1100 584; baseline 0 -16"><span class='ocrx_word' id='word_1_19' title='bbox 104 525 181 569; x_wconf 86' lang='lat' dir='ltr'>vero</span> <span class='ocrx_word' id='word_1_20' title='bbox 205 508 276 568; x_wconf 90' lang='lat' dir='ltr'>atra</span> <span class='ocrx_word' id='word_1_21' title='bbox 298 503 358 568; x_wconf 90' lang='lat' dir='ltr'>bili</span> <span class='ocrx_word' id='word_1_22' title='bbox 381 502 486 566; x_wconf 90' lang='lat' dir='ltr'>solum</span> <span class='ocrx_word' id='word_1_23' title='bbox 508 523 657 567; x_wconf 88' lang='lat' dir='ltr'>mensae</span> <span class='ocrx_word' id='word_1_24' title='bbox 674 523 741 566; x_wconf 93' lang='lat' dir='ltr'>non</span> <span class='ocrx_word' id='word_1_25' title='bbox 759 522 858 584; x_wconf 80' lang='lat' dir='ltr'>saepe</span> <span class='ocrx_word' id='word_1_26' title='bbox 876 503 929 567; x_wconf 83' lang='lat' dir='ltr'>vel</span> <span class='ocrx_word' id='word_1_27' title='bbox 951 503 1100 568; x_wconf 76' lang='lat' dir='ltr'>iracundia</span> 
     </span>
     <span class='ocr_line' id='line_1_5' title="bbox 104 589 1101 676; baseline -0.003 -19"><span class='ocrx_word' id='word_1_28' title='bbox 104 593 252 676; x_wconf 84' lang='lat' dir='ltr'>graviore</span> <span class='ocrx_word' id='word_1_29' title='bbox 275 591 326 656; x_wconf 82' lang='lat' dir='ltr'>vel</span> <span class='ocrx_word' id='word_1_30' title='bbox 348 590 464 654; x_wconf 88' lang='lat' dir='ltr'>timore</span> <span class='ocrx_word' id='word_1_31' title='bbox 487 590 539 654; x_wconf 85' lang='lat' dir='ltr'>vel</span> <span class='ocrx_word' id='word_1_32' title='bbox 570 589 680 654; x_wconf 90' lang='lat' dir='ltr'>dolore</span> <span class='ocrx_word' id='word_1_33' title='bbox 703 593 886 672; x_wconf 86' lang='lat' dir='ltr'>moveatur;</span> <span class='ocrx_word' id='word_1_34' title='bbox 914 613 978 675; x_wconf 91' lang='lat' dir='ltr'>quo</span> <span class='ocrx_word' id='word_1_35' title='bbox 1000 612 1101 676; x_wconf 83' lang='lat' dir='ltr'>genere</span> 
     </span>
     <span class='ocr_line' id='line_1_6' title="bbox 104 677 1119 761; baseline -0.002 -17"><span class='ocrx_word' id='word_1_36' title='bbox 104 680 354 759; x_wconf 87' lang='lat' dir='ltr'>Athamantem,</span> <span class='ocrx_word' id='word_1_37' title='bbox 380 678 623 761; x_wconf 80' lang='lat' dir='ltr'>Alcmaeonem,</span> <span class='ocrx_word' id='word_1_38' title='bbox 654 677 802 760; x_wconf 80' lang='lat' dir='ltr'>Aiacem,</span> <span class='ocrx_word' id='word_1_39' title='bbox 834 677 983 743; x_wconf 79' lang='lat' dir='ltr'><strong>Orestem</strong></span> <span class='ocrx_word' id='word_1_40' title='bbox 1011 680 1119 744; x_wconf 78' lang='lat' dir='ltr'>fureres</span> 
     </span>
     <span class='ocr_line' id='line_1_7' title="bbox 104 764 1101 847; baseline 0 -15"><span class='ocrx_word' id='word_1_41' title='bbox 104 768 249 833; x_wconf 79' lang='lat' dir='ltr'>dicimus.</span> <span class='ocrx_word' id='word_1_42' title='bbox 299 765 361 842; x_wconf 85' lang='lat' dir='ltr'>Qui</span> <span class='ocrx_word' id='word_1_43' title='bbox 392 765 441 829; x_wconf 89' lang='lat' dir='ltr'>ita</span> <span class='ocrx_word' id='word_1_44' title='bbox 475 766 518 830; x_wconf 89' lang='lat' dir='ltr'>sit</span> <span class='ocrx_word' id='word_1_45' title='bbox 551 764 710 847; x_wconf 80' lang='lat' dir='ltr'>adfectus,</span> <span class='ocrx_word' id='word_1_46' title='bbox 742 787 815 829; x_wconf 89' lang='lat' dir='ltr'>eum</span> <span class='ocrx_word' id='word_1_47' title='bbox 847 766 1015 831; x_wconf 91' lang='lat' dir='ltr'>dominum</span> <span class='ocrx_word' id='word_1_48' title='bbox 1045 788 1101 832; x_wconf 88' lang='lat' dir='ltr'>esse</span> 
     </span>
     <span class='ocr_line' id='line_1_8' title="bbox 104 853 1102 939; baseline -0.001 -19"><span class='ocrx_word' id='word_1_49' title='bbox 104 878 211 920; x_wconf 89' lang='lat' dir='ltr'>rerum</span> <span class='ocrx_word' id='word_1_50' title='bbox 239 876 370 920; x_wconf 90' lang='lat' dir='ltr'>suarum</span> <span class='ocrx_word' id='word_1_51' title='bbox 397 857 511 918; x_wconf 85' lang='lat' dir='ltr'>vetant</span> <span class='ocrx_word' id='word_1_52' title='bbox 538 853 706 932; x_wconf 77' lang='lat' dir='ltr'>duedecim</span> <span class='ocrx_word' id='word_1_53' title='bbox 733 853 877 937; x_wconf 85' lang='lat' dir='ltr'>tabulae3</span> <span class='ocrx_word' id='word_1_54' title='bbox 911 855 1022 939; x_wconf 80' lang='lat' dir='ltr'>itaque</span> <span class='ocrx_word' id='word_1_55' title='bbox 1048 875 1102 919; x_wconf 92' lang='lat' dir='ltr'>non</span> 
     </span>
     <span class='ocr_line' id='line_1_9' title="bbox 105 938 1101 1026; baseline -0.003 -18"><span class='ocrx_word' id='word_1_56' title='bbox 105 948 155 1009; x_wconf 88' lang='lat' dir='ltr'>est</span> <span class='ocrx_word' id='word_1_57' title='bbox 182 944 336 1026; x_wconf 86' lang='lat' dir='ltr'>seriptum</span> <span class='ocrx_word' id='word_1_58' title='bbox 364 940 412 1006; x_wconf 77' lang='lat' dir='ltr'>‘sr</span> <span class='ocrx_word' id='word_1_59' title='bbox 438 939 615 1025; x_wconf 60' lang='lat' dir='ltr'>maurus,</span> <span class='ocrx_word' id='word_1_60' title='bbox 642 941 699 1006; x_wconf 87' lang='lat' dir='ltr'>sed</span> <span class='ocrx_word' id='word_1_61' title='bbox 726 938 774 1006; x_wconf 75' lang='lat' dir='ltr'>‘si</span> <span class='ocrx_word' id='word_1_62' title='bbox 800 958 970 1008; x_wconf 82' lang='lat' dir='ltr'>ruarosns</span> <span class='ocrx_word' id='word_1_63' title='bbox 997 941 1101 1008; x_wconf 83' lang='lat' dir='ltr'>neon&#39;.</span> 
     </span>
     <span class='ocr_line' id='line_1_10' title="bbox 106 1029 1102 1113; baseline -0.001 -18"><span class='ocrx_word' id='word_1_64' title='bbox 106 1029 286 1096; x_wconf 84' lang='lat' dir='ltr'>Stultitiam</span> <span class='ocrx_word' id='word_1_65' title='bbox 305 1030 390 1093; x_wconf 88' lang='lat' dir='ltr'>enim</span> <span class='ocrx_word' id='word_1_66' title='bbox 408 1032 601 1094; x_wconf 84' lang='lat' dir='ltr'>censuerunt</span> <span class='ocrx_word' id='word_1_67' title='bbox 620 1029 816 1110; x_wconf 90' lang='lat' dir='ltr'>constantia,</span> <span class='ocrx_word' id='word_1_68' title='bbox 838 1029 873 1093; x_wconf 92' lang='lat' dir='ltr'>id</span> <span class='ocrx_word' id='word_1_69' title='bbox 896 1034 949 1094; x_wconf 87' lang='lat' dir='ltr'>est</span> <span class='ocrx_word' id='word_1_70' title='bbox 968 1032 1102 1113; x_wconf 80' lang='lat' dir='ltr'>sanitato,</span> 
     </span>
     <span class='ocr_line' id='line_1_11' title="bbox 105 1117 1126 1201; baseline -0.003 -19"><span class='ocrx_word' id='word_1_71' title='bbox 105 1121 273 1184; x_wconf 85' lang='lat' dir='ltr'>vacantem</span> <span class='ocrx_word' id='word_1_72' title='bbox 295 1139 390 1201; x_wconf 89' lang='lat' dir='ltr'>posse</span> <span class='ocrx_word' id='word_1_73' title='bbox 413 1120 523 1182; x_wconf 91' lang='lat' dir='ltr'>tamen</span> <span class='ocrx_word' id='word_1_74' title='bbox 545 1117 629 1181; x_wconf 90' lang='lat' dir='ltr'>tueri</span> <span class='ocrx_word' id='word_1_75' title='bbox 652 1117 910 1183; x_wconf 73' lang='lat' dir='ltr'>mediocritatem</span> <span class='ocrx_word' id='word_1_76' title='bbox 937 1118 1126 1184; x_wconf 82' lang='lat' dir='ltr'>officiorunn</span> 
     </span>
     <span class='ocr_line' id='line_1_12' title="bbox 105 1205 1147 1288; baseline 0 -19"><span class='ocrx_word' id='word_1_77' title='bbox 105 1209 138 1269; x_wconf 88' lang='lat' dir='ltr'>et</span> <span class='ocrx_word' id='word_1_78' title='bbox 164 1206 251 1270; x_wconf 84' lang='lat' dir='ltr'>vitae</span> <span class='ocrx_word' id='word_1_79' title='bbox 279 1226 480 1269; x_wconf 86' lang='lat' dir='ltr'>communem</span> <span class='ocrx_word' id='word_1_80' title='bbox 508 1205 629 1269; x_wconf 89' lang='lat' dir='ltr'>cultum</span> <span class='ocrx_word' id='word_1_81' title='bbox 653 1208 750 1288; x_wconf 88' lang='lat' dir='ltr'>atque</span> <span class='ocrx_word' id='word_1_82' title='bbox 772 1206 946 1288; x_wconf 81' lang='lat' dir='ltr'>usitatum3</span> <span class='ocrx_word' id='word_1_83' title='bbox 974 1206 1101 1271; x_wconf 86' lang='lat' dir='ltr'>furorem</span> <span class='ocrx_word' id='word_1_84' title='bbox 1145 1274 1147 1281; x_wconf 64' lang='grc'>,</span> 
     </span>
     <span class='ocr_line' id='line_1_13' title="bbox 105 1292 1147 1360; baseline 0 -3"><span class='ocrx_word' id='word_1_85' title='bbox 105 1296 214 1357; x_wconf 90' lang='lat' dir='ltr'>autem</span> <span class='ocrx_word' id='word_1_86' title='bbox 247 1314 315 1357; x_wconf 88' lang='lat' dir='ltr'>esse</span> <span class='ocrx_word' id='word_1_87' title='bbox 347 1293 412 1356; x_wconf 89' lang='lat' dir='ltr'>rati</span> <span class='ocrx_word' id='word_1_88' title='bbox 443 1296 519 1358; x_wconf 90' lang='lat' dir='ltr'>sunt</span> <span class='ocrx_word' id='word_1_89' title='bbox 551 1293 669 1358; x_wconf 89' lang='lat' dir='ltr'>mentis</span> <span class='ocrx_word' id='word_1_90' title='bbox 701 1293 742 1356; x_wconf 92' lang='lat' dir='ltr'>ad</span> <span class='ocrx_word' id='word_1_91' title='bbox 773 1293 884 1357; x_wconf 89' lang='lat' dir='ltr'>omnia</span> <span class='ocrx_word' id='word_1_92' title='bbox 917 1294 1100 1360; x_wconf 85' lang='lat' dir='ltr'>eaecitatem.</span> <span class='ocrx_word' id='word_1_93' title='bbox 1145 1292 1147 1331; x_wconf 72' lang='lat'>⁵</span> 
     </span>
     <span class='ocr_line' id='line_1_14' title="bbox 105 1379 1101 1467; baseline 0 -24"><span class='ocrx_word' id='word_1_94' title='bbox 105 1379 198 1456; x_wconf 86' lang='lat' dir='ltr'>Quod</span> <span class='ocrx_word' id='word_1_95' title='bbox 220 1401 293 1444; x_wconf 87' lang='lat' dir='ltr'>eum</span> <span class='ocrx_word' id='word_1_96' title='bbox 319 1381 425 1445; x_wconf 89' lang='lat' dir='ltr'>maius</span> <span class='ocrx_word' id='word_1_97' title='bbox 448 1403 518 1446; x_wconf 90' lang='lat' dir='ltr'>esse</span> <span class='ocrx_word' id='word_1_98' title='bbox 540 1381 690 1467; x_wconf 79' lang='lat' dir='ltr'>¹rideatur</span> <span class='ocrx_word' id='word_1_99' title='bbox 711 1402 807 1464; x_wconf 89' lang='lat' dir='ltr'>quam</span> <span class='ocrx_word' id='word_1_100' title='bbox 832 1380 978 1465; x_wconf 88' lang='lat' dir='ltr'>insania,</span> <span class='ocrx_word' id='word_1_101' title='bbox 1006 1385 1101 1446; x_wconf 87' lang='lat' dir='ltr'>tamen</span> 
     </span>
     <span class='ocr_line' id='line_1_15' title="bbox 105 1468 1147 1553; baseline -0.001 -21"><span class='ocrx_word' id='word_1_102' title='bbox 105 1469 174 1532; x_wconf 86' lang='lat' dir='ltr'>eius</span> <span class='ocrx_word' id='word_1_103' title='bbox 201 1468 289 1534; x_wconf 92' lang='lat' dir='ltr'>modi</span> <span class='ocrx_word' id='word_1_104' title='bbox 317 1473 380 1552; x_wconf 82' lang='lat' dir='ltr'>est,</span> <span class='ocrx_word' id='word_1_105' title='bbox 406 1472 443 1532; x_wconf 90' lang='lat' dir='ltr'>ut</span> <span class='ocrx_word' id='word_1_106' title='bbox 469 1469 560 1534; x_wconf 86' lang='lat' dir='ltr'>furor</span> <span class='ocrx_word' id='word_1_107' title='bbox 586 1469 621 1534; x_wconf 90' lang='lat' dir='ltr'>in</span> <span class='ocrx_word' id='word_1_108' title='bbox 648 1469 828 1552; x_wconf 81' lang='lat' dir='ltr'>sapientem</span> <span class='ocrx_word' id='word_1_109' title='bbox 861 1469 976 1533; x_wconf 83' lang='lat' dir='ltr'>eadere</span> <span class='ocrx_word' id='word_1_110' title='bbox 1003 1468 1099 1553; x_wconf 71' lang='lat' dir='ltr'>possit,</span> <span class='ocrx_word' id='word_1_111' title='bbox 1145 1476 1147 1523; x_wconf 67' lang='grc' dir='ltr'><strong>ἓ</strong></span> 
     </span>
     <span class='ocr_line' id='line_1_16' title="bbox 104 1555 1124 1641; baseline -0.006 -20"><span class='ocrx_word' id='word_1_112' title='bbox 104 1577 171 1621; x_wconf 91' lang='lat' dir='ltr'>non</span> <span class='ocrx_word' id='word_1_113' title='bbox 198 1557 303 1639; x_wconf 90' lang='lat' dir='ltr'>possit</span> <span class='ocrx_word' id='word_1_114' title='bbox 328 1557 463 1621; x_wconf 88' lang='lat' dir='ltr'>insania.</span> <span class='ocrx_word' id='word_1_115' title='bbox 509 1555 572 1621; x_wconf 82' lang='lat' dir='ltr'>Sed</span> <span class='ocrx_word' id='word_1_116' title='bbox 598 1557 678 1622; x_wconf 87' lang='lat' dir='ltr'>haee</span> <span class='ocrx_word' id='word_1_117' title='bbox 705 1556 771 1621; x_wconf 89' lang='lat' dir='ltr'>alia</span> <span class='ocrx_word' id='word_1_118' title='bbox 792 1557 944 1639; x_wconf 84' lang='lat' dir='ltr'>quaestio</span> <span class='ocrx_word' id='word_1_119' title='bbox 967 1562 1029 1641; x_wconf 80' lang='lat' dir='ltr'>est3</span> <span class='ocrx_word' id='word_1_120' title='bbox 1052 1571 1124 1622; x_wconf 82' lang='lat' dir='ltr'>noso</span> 
     </span>
     <span class='ocr_line' id='line_1_17' title="bbox 105 1644 602 1728; baseline -0.002 -18"><span class='ocrx_word' id='word_1_121' title='bbox 105 1644 146 1710; x_wconf 92' lang='lat' dir='ltr'>ad</span> <span class='ocrx_word' id='word_1_122' title='bbox 168 1646 373 1728; x_wconf 92' lang='lat' dir='ltr'>propositum</span> <span class='ocrx_word' id='word_1_123' title='bbox 394 1649 602 1709; x_wconf 87' lang='lat' dir='ltr'>revertamur.</span> 
     </span>
    </p>
   </div>
   <div class='ocr_carea' id='block_1_3' title="bbox 66 1701 86 1765">
    <p class='ocr_par' dir='ltr' id='par_1_3' title="bbox 66 1701 86 1765">
     <span class='ocr_line' id='line_1_18' title="bbox 66 1701 86 1765; baseline 0 0"><span class='ocrx_word' id='word_1_124' title='bbox 66 1701 86 1765; x_wconf 84' lang='lat'>6</span> 
     </span>
    </p>
   </div>
   <div class='ocr_carea' id='block_1_4' title="bbox 54 1729 1099 1827">
    <p class='ocr_par' dir='ltr' id='par_1_4' title="bbox 54 1729 1099 1827">
     <span class='ocr_line' id='line_1_19' title="bbox 54 1729 1099 1827; baseline -0.003 -31"><span class='ocrx_word' id='word_1_125' title='bbox 54 1778 86 1827; x_wconf 79' lang='lat'>12</span> <span class='ocrx_word' id='word_1_126' title='bbox 172 1729 308 1816; x_wconf 82' lang='lat' dir='ltr'>(ledere,</span> <span class='ocrx_word' id='word_1_127' title='bbox 339 1733 471 1816; x_wconf 92' lang='lat' dir='ltr'>opinor,</span> <span class='ocrx_word' id='word_1_128' title='bbox 501 1733 537 1797; x_wconf 91' lang='lat' dir='ltr'>in</span> <span class='ocrx_word' id='word_1_129' title='bbox 568 1732 749 1816; x_wconf 88' lang='lat' dir='ltr'>sapientem</span> <span class='ocrx_word' id='word_1_130' title='bbox 781 1733 1020 1816; x_wconf 84' lang='lat' dir='ltr'>aegritudinem</span> <span class='ocrx_word' id='word_1_131' title='bbox 1051 1729 1099 1797; x_wconf 90' lang='lat' dir='ltr'>tibi</span> 
     </span>
    </p>
   </div>
   <div class='ocr_carea' id='block_1_5' title="bbox 50 1820 1147 3575">
    <p class='ocr_par' dir='ltr' id='par_1_5' title="bbox 105 1820 350 1886">
     <span class='ocr_line' id='line_1_20' title="bbox 105 1820 350 1886; baseline 0.004 -2"><span class='ocrx_word' id='word_1_132' title='bbox 105 1820 217 1884; x_wconf 84' lang='lat' dir='ltr'>dixisti</span> <span class='ocrx_word' id='word_1_133' title='bbox 240 1820 350 1886; x_wconf 85' lang='lat' dir='ltr'>videri.</span> 
     </span>
    </p>

    <p class='ocr_par' dir='ltr' id='par_1_6' title="bbox 170 1907 634 1974">
     <span class='ocr_line' id='line_1_21' title="bbox 170 1907 634 1974; baseline 0.004 -2"><span class='ocrx_word' id='word_1_134' title='bbox 170 1908 211 1973; x_wconf 81' lang='lat' dir='ltr'>A.</span> <span class='ocrx_word' id='word_1_135' title='bbox 238 1907 283 1972; x_wconf 81' lang='lat' dir='ltr'>Et</span> <span class='ocrx_word' id='word_1_136' title='bbox 305 1931 381 1974; x_wconf 84' lang='lat' dir='ltr'>vero</span> <span class='ocrx_word' id='word_1_137' title='bbox 403 1909 451 1973; x_wconf 88' lang='lat' dir='ltr'>ita</span> <span class='ocrx_word' id='word_1_138' title='bbox 474 1908 634 1974; x_wconf 78' lang='lat' dir='ltr'>existimo·</span> 
     </span>
    </p>

    <p class='ocr_par' dir='ltr' id='par_1_7' title="bbox 103 1993 1147 3047">
     <span class='ocr_line' id='line_1_22' title="bbox 170 1993 1122 2080; baseline -0.004 -20"><span class='ocrx_word' id='word_1_139' title='bbox 170 2003 216 2060; x_wconf 86' lang='lat' dir='ltr'>M.</span> <span class='ocrx_word' id='word_1_140' title='bbox 238 1995 426 2063; x_wconf 89' lang='lat' dir='ltr'>Humanum</span> <span class='ocrx_word' id='word_1_141' title='bbox 443 1997 477 2061; x_wconf 92' lang='lat' dir='ltr'>id</span> <span class='ocrx_word' id='word_1_142' title='bbox 495 1996 638 2080; x_wconf 87' lang='lat' dir='ltr'>quidem,</span> <span class='ocrx_word' id='word_1_143' title='bbox 658 1996 744 2080; x_wconf 93' lang='lat' dir='ltr'>quod</span> <span class='ocrx_word' id='word_1_144' title='bbox 761 1997 809 2061; x_wconf 88' lang='lat' dir='ltr'>ita</span> <span class='ocrx_word' id='word_1_145' title='bbox 827 1996 1005 2062; x_wconf 85' lang='lat' dir='ltr'>existimas.</span> <span class='ocrx_word' id='word_1_146' title='bbox 1038 1993 1122 2061; x_wconf 80' lang='lat' dir='ltr'>Nona</span> 
     </span>
     <span class='ocr_line' id='line_1_23' title="bbox 105 2081 1098 2168; baseline -0.004 -21"><span class='ocrx_word' id='word_1_147' title='bbox 105 2084 191 2147; x_wconf 90' lang='lat' dir='ltr'>enim</span> <span class='ocrx_word' id='word_1_148' title='bbox 219 2084 309 2148; x_wconf 75' lang='lat' dir='ltr'>silice</span> <span class='ocrx_word' id='word_1_149' title='bbox 335 2085 409 2148; x_wconf 87' lang='lat' dir='ltr'>nati</span> <span class='ocrx_word' id='word_1_150' title='bbox 435 2107 559 2168; x_wconf 87' lang='lat' dir='ltr'>sumus,</span> <span class='ocrx_word' id='word_1_151' title='bbox 591 2085 648 2148; x_wconf 88' lang='lat' dir='ltr'>sed</span> <span class='ocrx_word' id='word_1_152' title='bbox 675 2089 725 2150; x_wconf 87' lang='lat' dir='ltr'>est</span> <span class='ocrx_word' id='word_1_153' title='bbox 753 2085 903 2149; x_wconf 89' lang='lat' dir='ltr'>naturale</span> <span class='ocrx_word' id='word_1_154' title='bbox 936 2086 972 2149; x_wconf 92' lang='lat' dir='ltr'>in</span> <span class='ocrx_word' id='word_1_155' title='bbox 1000 2081 1098 2150; x_wconf 85' lang='lat' dir='ltr'>animis</span> 
     </span>
     <span class='ocr_line' id='line_1_24' title="bbox 104 2166 1098 2256; baseline 0 -22"><span class='ocrx_word' id='word_1_156' title='bbox 104 2175 252 2235; x_wconf 89' lang='lat' dir='ltr'>tenerum</span> <span class='ocrx_word' id='word_1_157' title='bbox 271 2171 423 2255; x_wconf 90' lang='lat' dir='ltr'>quiddam</span> <span class='ocrx_word' id='word_1_158' title='bbox 442 2176 538 2256; x_wconf 89' lang='lat' dir='ltr'>atque</span> <span class='ocrx_word' id='word_1_159' title='bbox 556 2173 667 2254; x_wconf 87' lang='lat' dir='ltr'>molle,</span> <span class='ocrx_word' id='word_1_160' title='bbox 691 2173 776 2256; x_wconf 91' lang='lat' dir='ltr'>quod</span> <span class='ocrx_word' id='word_1_161' title='bbox 799 2172 1002 2256; x_wconf 84' lang='lat' dir='ltr'>aegritudine</span> <span class='ocrx_word' id='word_1_162' title='bbox 1023 2166 1098 2256; x_wconf 83' lang='lat' dir='ltr'>quasi</span> 
     </span>
     <span class='ocr_line' id='line_1_25' title="bbox 104 2254 1147 2344; baseline -0.002 -23"><span class='ocrx_word' id='word_1_163' title='bbox 104 2261 300 2342; x_wconf 87' lang='lat' dir='ltr'>tempestate</span> <span class='ocrx_word' id='word_1_164' title='bbox 327 2261 504 2344; x_wconf 85' lang='lat' dir='ltr'>quatiatur,</span> <span class='ocrx_word' id='word_1_165' title='bbox 538 2281 598 2325; x_wconf 88' lang='lat' dir='ltr'>nee</span> <span class='ocrx_word' id='word_1_166' title='bbox 625 2260 764 2325; x_wconf 87' lang='lat' dir='ltr'>absurde</span> <span class='ocrx_word' id='word_1_167' title='bbox 792 2257 933 2325; x_wconf 76' lang='lat' dir='ltr'>Crantor</span> <span class='ocrx_word' id='word_1_168' title='bbox 963 2262 1031 2344; x_wconf 83' lang='lat' dir='ltr'>ille,</span> <span class='ocrx_word' id='word_1_169' title='bbox 1058 2254 1099 2341; x_wconf 91' lang='lat' dir='ltr'>qui</span> <span class='ocrx_word' id='word_1_170' title='bbox 1145 2284 1147 2289; x_wconf 95' lang='lat'>·</span> 
     </span>
     <span class='ocr_line' id='line_1_26' title="bbox 104 2343 1099 2432; baseline -0.003 -21"><span class='ocrx_word' id='word_1_171' title='bbox 104 2346 138 2411; x_wconf 87' lang='lat' dir='ltr'>iu</span> <span class='ocrx_word' id='word_1_172' title='bbox 165 2350 278 2412; x_wconf 89' lang='lat' dir='ltr'>nostra</span> <span class='ocrx_word' id='word_1_173' title='bbox 304 2346 480 2412; x_wconf 84' lang='lat' dir='ltr'>Academia</span> <span class='ocrx_word' id='word_1_174' title='bbox 507 2349 558 2412; x_wconf 86' lang='lat' dir='ltr'>vel</span> <span class='ocrx_word' id='word_1_175' title='bbox 584 2349 620 2412; x_wconf 90' lang='lat' dir='ltr'>in</span> <span class='ocrx_word' id='word_1_176' title='bbox 642 2348 755 2431; x_wconf 90' lang='lat' dir='ltr'>primis</span> <span class='ocrx_word' id='word_1_177' title='bbox 778 2346 840 2412; x_wconf 91' lang='lat' dir='ltr'>fuit</span> <span class='ocrx_word' id='word_1_178' title='bbox 862 2347 1000 2432; x_wconf 86' lang='lat' dir='ltr'>nobilis,</span> <span class='ocrx_word' id='word_1_179' title='bbox 1030 2343 1099 2411; x_wconf 80' lang='lat' dir='ltr'>‘Mi-</span> 
     </span>
     <span class='ocr_line' id='line_1_27' title="bbox 103 2432 1124 2523; baseline -0.005 -24"><span class='ocrx_word' id='word_1_180' title='bbox 103 2433 234 2515; x_wconf 67' lang='lat' dir='ltr'>nime&#39;·5</span> <span class='ocrx_word' id='word_1_181' title='bbox 265 2435 384 2520; x_wconf 83' lang='lat' dir='ltr'>inquit,</span> <span class='ocrx_word' id='word_1_182' title='bbox 411 2434 626 2501; x_wconf 75' lang='lat' dir='ltr'>‘adsentior</span> <span class='ocrx_word' id='word_1_183' title='bbox 652 2437 717 2520; x_wconf 87' lang='lat' dir='ltr'>iis,</span> <span class='ocrx_word' id='word_1_184' title='bbox 748 2437 812 2523; x_wconf 91' lang='lat' dir='ltr'>qui</span> <span class='ocrx_word' id='word_1_185' title='bbox 839 2435 959 2501; x_wconf 86' lang='lat' dir='ltr'>istam</span> <span class='ocrx_word' id='word_1_186' title='bbox 985 2432 1124 2502; x_wconf 77' lang='lat' dir='ltr'>nescios</span> 
     </span>
     <span class='ocr_line' id='line_1_28' title="bbox 105 2523 1100 2609; baseline -0.005 -21"><span class='ocrx_word' id='word_1_187' title='bbox 105 2546 216 2607; x_wconf 88' lang='lat' dir='ltr'>quam</span> <span class='ocrx_word' id='word_1_188' title='bbox 245 2524 499 2589; x_wconf 90' lang='lat' dir='ltr'>indolentiam</span> <span class='ocrx_word' id='word_1_189' title='bbox 522 2545 659 2609; x_wconf 84' lang='lat' dir='ltr'>magno</span> <span class='ocrx_word' id='word_1_190' title='bbox 683 2545 796 2608; x_wconf 88' lang='lat' dir='ltr'>opere</span> <span class='ocrx_word' id='word_1_191' title='bbox 818 2523 996 2607; x_wconf 86' lang='lat' dir='ltr'>laudant,</span> <span class='ocrx_word' id='word_1_192' title='bbox 1022 2538 1100 2608; x_wconf 87' lang='lat' dir='ltr'>quaa</span> 
     </span>
     <span class='ocr_line' id='line_1_29' title="bbox 103 2609 1100 2696; baseline -0.003 -23"><span class='ocrx_word' id='word_1_193' title='bbox 103 2632 171 2676; x_wconf 87' lang='lat' dir='ltr'>nee</span> <span class='ocrx_word' id='word_1_194' title='bbox 198 2615 330 2695; x_wconf 90' lang='lat' dir='ltr'>potest</span> <span class='ocrx_word' id='word_1_195' title='bbox 356 2612 435 2676; x_wconf 90' lang='lat' dir='ltr'>ulla</span> <span class='ocrx_word' id='word_1_196' title='bbox 462 2633 546 2677; x_wconf 89' lang='lat' dir='ltr'>esse</span> <span class='ocrx_word' id='word_1_197' title='bbox 572 2633 640 2676; x_wconf 86' lang='lat' dir='ltr'>nee</span> <span class='ocrx_word' id='word_1_198' title='bbox 670 2612 790 2694; x_wconf 86' lang='lat' dir='ltr'>debet.</span> <span class='ocrx_word' id='word_1_199' title='bbox 843 2609 900 2674; x_wconf 91' lang='lat' dir='ltr'>Ne</span> <span class='ocrx_word' id='word_1_200' title='bbox 932 2614 1100 2696; x_wconf 81' lang='lat' dir='ltr'>aegrotus</span> 
     </span>
     <span class='ocr_line' id='line_1_30' title="bbox 105 2698 1101 2783; baseline -0.005 -22"><span class='ocrx_word' id='word_1_201' title='bbox 105 2699 188 2779; x_wconf 88' lang='lat' dir='ltr'>sim;</span> <span class='ocrx_word' id='word_1_202' title='bbox 211 2700 257 2782; x_wconf 88' lang='lat' dir='ltr'>si,</span> <span class='ocrx_word' id='word_1_203' title='bbox 280 2700 393 2782; x_wconf 90' lang='lat' dir='ltr'>inquit,</span> <span class='ocrx_word' id='word_1_204' title='bbox 414 2699 537 2782; x_wconf 85' lang='lat' dir='ltr'>fuero,</span> <span class='ocrx_word' id='word_1_205' title='bbox 560 2721 695 2764; x_wconf 88' lang='lat' dir='ltr'>sen-sus</span> <span class='ocrx_word' id='word_1_206' title='bbox 720 2698 834 2783; x_wconf 88' lang='lat' dir='ltr'>adsit,</span> <span class='ocrx_word' id='word_1_207' title='bbox 857 2699 940 2762; x_wconf 88' lang='lat' dir='ltr'>sive</span> <span class='ocrx_word' id='word_1_208' title='bbox 964 2702 1101 2764; x_wconf 85' lang='lat' dir='ltr'>secetur</span> 
     </span>
     <span class='ocr_line' id='line_1_31' title="bbox 105 2785 1102 2870; baseline -0.003 -22"><span class='ocrx_word' id='word_1_209' title='bbox 105 2786 194 2869; x_wconf 91' lang='lat' dir='ltr'>quid</span> <span class='ocrx_word' id='word_1_210' title='bbox 235 2787 314 2851; x_wconf 84' lang='lat' dir='ltr'>sive</span> <span class='ocrx_word' id='word_1_211' title='bbox 356 2788 551 2852; x_wconf 83' lang='lat' dir='ltr'>avellatur</span> <span class='ocrx_word' id='word_1_212' title='bbox 593 2809 612 2850; x_wconf 88' lang='lat' dir='ltr'>a</span> <span class='ocrx_word' id='word_1_213' title='bbox 653 2808 820 2870; x_wconf 85' lang='lat' dir='ltr'>corpore.</span> <span class='ocrx_word' id='word_1_214' title='bbox 880 2785 979 2852; x_wconf 90' lang='lat' dir='ltr'>Nam</span> <span class='ocrx_word' id='word_1_215' title='bbox 1015 2788 1102 2852; x_wconf 86' lang='lat' dir='ltr'>istae</span> 
     </span>
     <span class='ocr_line' id='line_1_32' title="bbox 104 2871 1129 2959; baseline 0.002 -25"><span class='ocrx_word' id='word_1_216' title='bbox 104 2871 206 2935; x_wconf 88' lang='lat' dir='ltr'>nihil</span> <span class='ocrx_word' id='word_1_217' title='bbox 242 2873 372 2939; x_wconf 88' lang='lat' dir='ltr'>dolere</span> <span class='ocrx_word' id='word_1_218' title='bbox 407 2897 484 2940; x_wconf 92' lang='lat' dir='ltr'>non</span> <span class='ocrx_word' id='word_1_219' title='bbox 520 2876 602 2940; x_wconf 86' lang='lat' dir='ltr'>sine</span> <span class='ocrx_word' id='word_1_220' title='bbox 644 2895 781 2959; x_wconf 85' lang='lat' dir='ltr'>magna</span> <span class='ocrx_word' id='word_1_221' title='bbox 817 2875 992 2940; x_wconf 80' lang='lat' dir='ltr'>mercede</span> <span class='ocrx_word' id='word_1_222' title='bbox 1028 2887 1129 2939; x_wconf 72' lang='lat' dir='ltr'>eon-³⁰</span> 
     </span>
     <span class='ocr_line' id='line_1_33' title="bbox 104 2959 1103 3047; baseline 0.003 -26"><span class='ocrx_word' id='word_1_223' title='bbox 104 2959 227 3044; x_wconf 83' lang='lat' dir='ltr'>tingit</span> <span class='ocrx_word' id='word_1_224' title='bbox 254 2961 502 3028; x_wconf 82' lang='lat' dir='ltr'>inmanitatis</span> <span class='ocrx_word' id='word_1_225' title='bbox 530 2964 570 3027; x_wconf 93' lang='lat' dir='ltr'>in</span> <span class='ocrx_word' id='word_1_226' title='bbox 597 2964 737 3047; x_wconf 79' lang='lat' dir='ltr'>animo,</span> <span class='ocrx_word' id='word_1_227' title='bbox 765 2962 944 3046; x_wconf 88' lang='lat' dir='ltr'>stuporis</span> <span class='ocrx_word' id='word_1_228' title='bbox 972 2964 1013 3027; x_wconf 89' lang='lat' dir='ltr'>in</span> <span class='ocrx_word' id='word_1_229' title='bbox 1034 2982 1103 3028; x_wconf 86' lang='lat' dir='ltr'>oon·</span> 
     </span>
    </p>

    <p class='ocr_par' dir='ltr' id='par_1_8' title="bbox 50 3044 1131 3575">
     <span class='ocr_line' id='line_1_34' title="bbox 50 3044 1104 3135; baseline -0.004 -19"><span class='ocrx_word' id='word_1_230' title='bbox 50 3067 83 3116; x_wconf 84' lang='lat'>1³</span> <span class='ocrx_word' id='word_1_231' title='bbox 103 3044 216 3130; x_wconf 82' lang='lat' dir='ltr'>pora&#39;</span> <span class='ocrx_word' id='word_1_232' title='bbox 263 3045 325 3110; x_wconf 82' lang='lat' dir='ltr'>Sed</span> <span class='ocrx_word' id='word_1_233' title='bbox 352 3050 531 3135; x_wconf 83' lang='lat' dir='ltr'>videamus,</span> <span class='ocrx_word' id='word_1_234' title='bbox 558 3073 605 3115; x_wconf 89' lang='lat' dir='ltr'>ne</span> <span class='ocrx_word' id='word_1_235' title='bbox 625 3051 707 3115; x_wconf 88' lang='lat' dir='ltr'>haee</span> <span class='ocrx_word' id='word_1_236' title='bbox 735 3051 840 3116; x_wconf 88' lang='lat' dir='ltr'>oratio</span> <span class='ocrx_word' id='word_1_237' title='bbox 873 3050 918 3115; x_wconf 92' lang='lat' dir='ltr'>sit</span> <span class='ocrx_word' id='word_1_238' title='bbox 949 3051 1104 3116; x_wconf 86' lang='lat' dir='ltr'>hominum</span> 
     </span>
     <span class='ocr_line' id='line_1_35' title="bbox 104 3131 1105 3222; baseline 0.002 -24"><span class='ocrx_word' id='word_1_239' title='bbox 104 3134 343 3199; x_wconf 89' lang='lat' dir='ltr'>adsentantium</span> <span class='ocrx_word' id='word_1_240' title='bbox 383 3142 516 3203; x_wconf 88' lang='lat' dir='ltr'>nostrae</span> <span class='ocrx_word' id='word_1_241' title='bbox 557 3139 766 3203; x_wconf 77' lang='lat' dir='ltr'>inbecillitati</span> <span class='ocrx_word' id='word_1_242' title='bbox 805 3141 839 3203; x_wconf 89' lang='lat' dir='ltr'>et</span> <span class='ocrx_word' id='word_1_243' title='bbox 878 3131 1105 3222; x_wconf 86' lang='lat' dir='ltr'>indulgentium</span> 
     </span>
     <span class='ocr_line' id='line_1_36' title="bbox 103 3221 1104 3306; baseline -0.002 -19"><span class='ocrx_word' id='word_1_244' title='bbox 103 3221 314 3306; x_wconf 80' lang='lat' dir='ltr'>mollitudini3</span> <span class='ocrx_word' id='word_1_245' title='bbox 346 3245 406 3287; x_wconf 92' lang='lat' dir='ltr'>nos</span> <span class='ocrx_word' id='word_1_246' title='bbox 434 3229 542 3289; x_wconf 90' lang='lat' dir='ltr'>autem</span> <span class='ocrx_word' id='word_1_247' title='bbox 570 3227 744 3291; x_wconf 89' lang='lat' dir='ltr'>audeamus</span> <span class='ocrx_word' id='word_1_248' title='bbox 771 3247 840 3290; x_wconf 89' lang='lat' dir='ltr'>non</span> <span class='ocrx_word' id='word_1_249' title='bbox 868 3227 976 3291; x_wconf 88' lang='lat' dir='ltr'>solum</span> <span class='ocrx_word' id='word_1_250' title='bbox 1006 3243 1104 3290; x_wconf 89' lang='lat' dir='ltr'>ramos</span> 
     </span>
     <span class='ocr_line' id='line_1_37' title="bbox 103 3309 1131 3394; baseline -0.003 -19"><span class='ocrx_word' id='word_1_251' title='bbox 103 3312 272 3394; x_wconf 89' lang='lat' dir='ltr'>amputare</span> <span class='ocrx_word' id='word_1_252' title='bbox 295 3309 510 3392; x_wconf 85' lang='lat' dir='ltr'>miseriarum,</span> <span class='ocrx_word' id='word_1_253' title='bbox 535 3316 591 3379; x_wconf 89' lang='lat' dir='ltr'>sed</span> <span class='ocrx_word' id='word_1_254' title='bbox 614 3315 719 3379; x_wconf 88' lang='lat' dir='ltr'>omnis</span> <span class='ocrx_word' id='word_1_255' title='bbox 741 3313 886 3378; x_wconf 85' lang='lat' dir='ltr'>radicum</span> <span class='ocrx_word' id='word_1_256' title='bbox 908 3313 1009 3378; x_wconf 89' lang='lat' dir='ltr'>fibras</span> <span class='ocrx_word' id='word_1_257' title='bbox 1032 3309 1131 3378; x_wconf 72' lang='lat' dir='ltr'>arel-³⁵</span> 
     </span>
     <span class='ocr_line' id='line_1_38' title="bbox 102 3396 1104 3486; baseline -0.001 -25"><span class='ocrx_word' id='word_1_258' title='bbox 102 3399 177 3462; x_wconf 90' lang='lat' dir='ltr'>lere.</span> <span class='ocrx_word' id='word_1_259' title='bbox 230 3396 352 3462; x_wconf 82' lang='lat' dir='ltr'>Tamen</span> <span class='ocrx_word' id='word_1_260' title='bbox 384 3399 507 3483; x_wconf 90' lang='lat' dir='ltr'>aliquid</span> <span class='ocrx_word' id='word_1_261' title='bbox 538 3401 737 3486; x_wconf 88' lang='lat' dir='ltr'>relinquetur</span> <span class='ocrx_word' id='word_1_262' title='bbox 767 3400 921 3483; x_wconf 86' lang='lat' dir='ltr'>fortasse;</span> <span class='ocrx_word' id='word_1_263' title='bbox 958 3402 1006 3465; x_wconf 89' lang='lat' dir='ltr'>ita</span> <span class='ocrx_word' id='word_1_264' title='bbox 1039 3399 1104 3465; x_wconf 90' lang='lat' dir='ltr'>sunt</span> 
     </span>
     <span class='ocr_line' id='line_1_39' title="bbox 98 3481 1103 3575; baseline -0.005 -23"><span class='ocrx_word' id='word_1_265' title='bbox 98 3487 186 3552; x_wconf 85' lang='lat' dir='ltr'>allae</span> <span class='ocrx_word' id='word_1_266' title='bbox 204 3485 323 3573; x_wconf 88' lang='lat' dir='ltr'>stirpes</span> <span class='ocrx_word' id='word_1_267' title='bbox 343 3488 519 3575; x_wconf 62' lang='lat' dir='ltr'>stultitiam</span> <span class='ocrx_word' id='word_1_268' title='bbox 540 3489 598 3554; x_wconf 87' lang='lat' dir='ltr'>sed</span> <span class='ocrx_word' id='word_1_269' title='bbox 613 3489 811 3572; x_wconf 82' lang='lat' dir='ltr'>relinquetur</span> <span class='ocrx_word' id='word_1_270' title='bbox 832 3488 867 3552; x_wconf 92' lang='lat' dir='ltr'>id</span> <span class='ocrx_word' id='word_1_271' title='bbox 889 3488 1006 3574; x_wconf 89' lang='lat' dir='ltr'>solnm,</span> <span class='ocrx_word' id='word_1_272' title='bbox 1028 3481 1103 3573; x_wconf 89' lang='lat' dir='ltr'>qnod</span> 
     </span>
    </p>
   </div>
   <div class='ocr_carea' id='block_1_6' title="bbox 0 0 1182 3876">
    <p class='ocr_par' dir='ltr' id='par_1_9' title="bbox 0 0 1182 3876">
     <span class='ocr_line' id='line_1_40' title="bbox 0 0 1182 3876; baseline 0 0"><span class='ocrx_word' id='word_1_273' title='bbox 0 0 1182 3876; x_wconf 95' lang='lat' dir='ltr'> </span> 
     </span>
    </p>
   </div>
  </div>
 </body>
</html>
