2346 3876
102 119 169 185 304
297 115 595 172 TUSCULANARUM
612 111 919 170 DISPUTATIONUM

101 283 144 346 ad
167 281 330 346 hominem
348 280 458 344 venire
480 279 610 362 possint
626 278 690 343 nisi
709 299 729 342 a
751 275 820 342 deo.
858 275 1031 361 Singularis
1050 275 1085 338 est

102 371 201 454 igitur
228 369 386 453 quaedam
413 370 530 432 natura
558 371 654 450 atque
681 366 730 430 vis
761 365 862 429 animi
895 367 1032 430 seiuncta
1056 360 1084 425 ab

101 459 154 522 his
177 457 308 522 usitatis
331 456 482 542 notisque
504 455 640 519 naturis.
684 453 749 537 Ita,
775 452 930 538 quicquid
952 456 1000 517 est
1019 448 1085 529 illud,

103 545 189 631 quod
226 545 337 627 sentit,
374 544 459 627 quod
496 543 600 625 sapit,
636 542 721 626 quod
757 541 858 624 vivit,
895 540 980 624 quod
1011 539 1086 624 viget
1135 581 1139 618 Ἰ.

44 663 48 670 ’
103 635 241 698 caeleste
275 637 308 697 et
344 632 486 696 divinum
524 632 565 695 ob
599 650 731 714 eamque
763 651 832 694 rem
871 635 1033 694 aeternum
1058 623 1102 689 sin
1134 619 1139 701 ξ

102 743 233 786 necesse
260 723 318 785 est
366 719 435 783 Nec
463 740 540 782 vero
569 719 647 782 deus
674 719 756 801 ipsc,
784 717 840 801 qui
870 717 1087 800 intellegitma
1135 715 1139 724 “

102 810 209 892 nobis,
243 809 307 873 alio
341 807 437 871 modo
469 806 618 891 intellegi
650 809 761 889 potest
790 805 855 869 nisi
887 827 979 870 mens
1007 803 1088 868 soluts
1136 860 1139 871 .

104 899 261 982 quaedam
294 899 327 960 et
357 895 472 976 libera,
509 898 680 980 segregate
711 893 752 958 ab
786 894 875 958 omni
912 892 1088 958 concretione
1136 888 1139 899 '

80 981 247 1068 mortali,
275 983 385 1048 omnia
412 982 554 1046 sentiens
582 985 616 1047 et
641 1003 773 1047 movens
802 981 940 1066 ipseque
968 977 1089 1066 praedite

49 1096 84 1143 cs
104 1077 195 1138 motu
228 1068 445 1154 sempiterno?
499 1069 572 1135 Hoc
607 1091 625 1134 e
661 1091 777 1153 genere
815 1072 914 1153 etque
944 1069 1053 1134 eadem
1078 1078 1113 1125 9¹⁰

104 1164 220 1225 nature
247 1162 297 1223 est
323 1159 463 1223 humane
492 1180 592 1223 mens.
620 1193 662 1205 -
690 1157 755 1222 Ubi
788 1157 891 1242 igitur
923 1161 980 1223 aut
1008 1152 1090 1241 qualis

105 1251 156 1312 est
190 1248 256 1311 ista
291 1247 407 1312 mens?
446 1282 484 1292 -
525 1245 591 1311 Ubi
627 1248 686 1310 tua
721 1248 778 1310 aut
813 1245 947 1329 qualis?
982 1248 1090 1330 potesne

106 1335 232 1400 dicere?
260 1335 377 1414 an,·si
409 1335 518 1399 omnia
549 1333 590 1398 ad
621 1332 874 1418 intellegendum
905 1356 973 1399 non
1002 1333 1092 1408 habeo,

105 1445 187 1508 quae
209 1424 329 1488 habere
347 1423 476 1506 vellem,
499 1444 541 1486 ne
563 1422 603 1486 iis
625 1422 767 1506 quidem,
791 1443 873 1505 quae
891 1423 1011 1505 habeo,
1032 1415 1093 1484 mihi

104 1515 216 1596 perte
244 1512 292 1577 uti
319 1511 451 1575 licebit?
474 1545 517 1557 -
540 1509 615 1574 Non
643 1510 731 1574 valet
756 1512 887 1574 tantum
911 1506 1117 1594 animus-,ute

105 1624 139 1666 se
166 1601 235 1684 ipse
263 1599 379 1664 videat.
409 1632 447 1645 -
477 1596 524 1661 At
551 1601 589 1662 ut
616 1599 740 1680 oculus,
768 1599 815 1663 sio
841 1598 971 1664 animus
992 1619 1027 1664 se
1046 1600 1095 1661 non

104 1689 217 1753 videns
246 1687 311 1751 alie
337 1685 448 1750 cernit.
478 1722 517 1732 —
547 1684 623 1750 Non
649 1686 738 1750 videt
761 1690 883 1769 autem,
914 1686 1000 1770 quod
1020 1680 1094 1750 mini·

105 1799 195 1840 mum
223 1779 286 1859 est,
312 1775 451 1838 formam
479 1795 579 1839 suam.
606 1809 649 1820 -
679 1773 883 1858 Quamquam
912 1774 1048 1839 fortasse
1072 1765 1096 1833 id

105 1886 245 1948 quoque3
269 1863 325 1928 sed
343 1856 579 1946 relinquamus3
602 1862 669 1926 vim
687 1865 786 1945 certe,
810 1862 1033 1946 sagacitatem,
1048 1878 1096 1924 me

105 1954 260 2034 moriam,
295 1955 435 2033 motum,
472 1950 668 2014 celeritatem
704 1949 801 2014 videt.
861 1949 953 2015 Haec
989 1959 1139 2039 mogunt·¹

106 2039 186 2103 haec
209 2039 330 2121 divina,
352 2038 432 2102 haec
451 2038 649 2121 sempiterna
667 2041 751 2103 sunt.
788 2037 860 2114 Qua
881 2038 965 2104 facie
988 2037 1098 2124 quiden
1137 2042 1139 2047 '

108 2127 152 2190 sit
174 2130 231 2190 aut
252 2126 308 2190 ubi
330 2125 472 2208 habitet,
493 2147 535 2190 ne
558 2126 773 2211 quaerendum
795 2125 926 2210 quidem
950 2130 1010 2192 est.

172 2212 219 2278 Ut
253 2235 325 2278 cum
359 2214 504 2278 videmus
538 2215 677 2298 speciem
699 2214 848 2297 primum
882 2216 1100 2297 candoremque
1137 2232 1139 2237 ·

106 2304 200 2386 caeli,
230 2302 303 2366 dein
327 2302 547 2367 conversionis
570 2302 769 2366 celeritatem
791 2304 934 2386 tantam,
962 2305 1100 2388 quanam

106 2392 250 2476 cogitare
273 2411 338 2454 non
360 2411 546 2474 possumus,
575 2394 646 2455 tum
669 2389 907 2455 vicissitudines
934 2391 1055 2456 dierum
1073 2398 1126 2452 colt

106 2481 250 2544 noctium
278 2478 608 2561 commutationesque
641 2476 823 2561 temporum
857 2478 1101 2562 quadrupertitas

107 2567 147 2632 ad
166 2566 387 2631 maturitatem
405 2566 536 2650 frugum
555 2570 588 2630 et
607 2565 648 2630 ad
665 2567 934 2648 temperationem
949 2583 1102 2652 corporum

107 2654 1000 2826 lllttttutllttttltmtttltttttutti?
1018 2656 1103 2827 tt

106 2829 265 2894 fastorum
306 2833 474 2894 notantem
510 2834 544 2894 et
579 2830 815 2914 significantem
855 2829 942 2914 dies,
977 2834 1046 2895 tum
1077 2827 1129 2891 inll

108 2917 218 2980 eodem
251 2917 328 2981 orbe
360 2918 395 2981 in
427 2917 593 2982 duodecim
624 2921 733 3000 partes
766 2917 943 2983 distributo
980 2919 1104 3004 quinque

105 3005 218 3069 stellas
245 3004 322 3067 ferri
359 3005 487 3070 eosdem
521 3028 631 3070 cursus
664 3006 927 3071 constantissime
959 3001 1105 3072 servantis

107 3092 289 3175 disparibus
316 3091 401 3155 inter
429 3114 463 3156 se
491 3095 633 3157 motibus
661 3097 916 3178 nocturnamque
944 3095 1026 3159 caeli
1053 3093 1105 3158 lor

108 3202 194 3244 mam
222 3179 361 3262 undique
391 3180 547 3244 sideribus
571 3185 732 3264 ornatam,
762 3185 832 3245 tum
855 3182 990 3266 globum
1012 3187 1105 3246 terroe

107 3269 301 3332 eminentem
332 3288 348 3330 e
378 3267 475 3351 mari,
504 3268 603 3332 fixum
632 3270 667 3333 in
696 3269 801 3333 medio
834 3269 948 3334 mundi
976 3263 1130 3334 universis

106 3357 192 3437 loco,
220 3354 344 3419 duabus
373 3355 437 3419 oris
466 3355 661 3421 distantibus
688 3356 902 3422 habitabilem
931 3361 966 3422 et
988 3359 1105 3434 cultum,

100 3465 239 3530 quarum
264 3443 380 3532 altera,
403 3465 501 3531 quam
523 3465 582 3510 nos
606 3445 791 3530 incolimus,

51 2193 97 2256 28

55 2271 91 2318 os
