2346 3876
302 158 372 213 ΜΒ.
390 158 411 211 1.
440 156 517 213 GAP.
536 164 659 212 47-49.
687 163 702 223 e
723 164 880 212 113—118.
1031 155 1097 219 325

82 343 150 395 nou
183 321 290 386 solum
326 320 486 405 gloriosae
517 319 716 402 rhetoribus,
754 319 809 383 sed
846 320 946 383 etiam
981 320 1097 383 beatae

84 409 188 474 videri
219 407 334 472 solent.
386 407 550 491 Repetunt
579 408 621 471 ab
647 406 844 489 Erechtheo,
866 407 966 500 ,euius
997 409 1095 472 etiam

83 497 171 562 filiae
193 495 314 578 cupide
346 499 484 561 mortem
516 495 741 578 expetiverunt
772 516 831 578 pro
864 495 933 559 vita
964 494 1095 578 civium,

84 582 229 650 Codrum
252 589 499 666 concremarent,
522 584 577 666 qui
599 605 632 647 se
655 584 689 647 in
708 583 830 647 medios
848 582 974 647 inmisit
991 583 1096 648 hostis

60 676 174 738 sveste
206 672 375 755 famulari,
405 693 446 737 ne
472 675 585 754 posset
614 671 780 756 adgnosci,
810 671 839 734 si
866 675 952 735 esset
980 675 1096 735 ornatu

83 761 191 846 regio,
218 759 305 844 quod
331 761 496 824 oraculum
519 764 588 823 erat
617 760 741 840 datum,
769 759 797 822 si
824 780 880 822 rex
906 758 1095 823 interfectus

83 853 185 930 esset,
207 848 356 912 victrices
375 847 522 912 Athenas
540 847 619 912 fore.
655 847 845 911 Menoeceus
867 867 933 912 non
954 850 1095 930 praeter·

83 937 241 1018 mittitur,
268 936 322 1020 qui
350 936 429 1000 item
457 935 587 1000 oraculo
616 935 703 1000 edito
731 935 870 1019 largitus
894 938 945 998 est
970 935 1096 1019 patriae

84 1021 181 1091 sunm
203 1025 402 1108 sanguinem.
441 1023 612 1109 Iphigenia
634 1023 751 1087 Aulide
775 1022 847 1105 duci
870 1043 904 1087 se
927 1022 1096 1087 immolan-

42 1113 161 1183 iodam
190 1111 293 1196 iubet,
323 1111 380 1178 ‘ut
405 1111 575 1177 hostium
603 1111 784 1175 eliciatur
812 1110 900 1176 suo?
952 1110 1097 1175 Veniunt

84 1201 159 1266 inde
185 1200 226 1266 ad
248 1200 408 1284 propiora.
448 1199 644 1265 Harmodius
673 1199 708 1263 in
736 1221 790 1263 ore
813 1203 912 1264 estet
935 1199 1149 1284 Aristogi-49

84 1294 157 1372 ton3
180 1288 453 1353 Lacedaemonius
472 1287 643 1370 Leonidas,
663 1287 836 1352 Thebanus
854 1288 1097 1373 Epaminondas

85 1378 184 1463 viget.
229 1375 368 1441 Nostros
390 1398 457 1442 non
478 1379 611 1458 norunt,
634 1398 714 1460 quos
734 1397 919 1439 enumerare
942 1397 1097 1461 magnum

88 1470 150 1550 est3
174 1465 223 1529 ita
245 1467 323 1529 sunt
345 1464 452 1548 multi,
482 1465 599 1548 quibus
622 1464 767 1528 ridemus
795 1464 949 1547 optabilis
975 1468 1096 1529 mortes

44 1553 187 1619 isfuisse
211 1575 283 1617 eum
307 1553 422 1637 gloria.

154 1640 244 1716 Quae
268 1661 341 1704 cum
368 1640 416 1704 ita
438 1640 518 1720 sint,
545 1661 665 1724 magna
687 1643 797 1703 tamen
820 1640 1003 1722 eloquentia
1026 1644 1076 1702 est
1099 1656 1149 1704 117

85 1729 241 1794 utendum
269 1733 365 1812 atque
393 1729 441 1791 ita
464 1729 553 1792 velut
580 1729 745 1812 superiore
770 1750 786 1792 e
815 1727 887 1792 loeo
910 1727 1097 1792 contionan—

86 1818 177 1900 dum,
208 1820 245 1881 nt
276 1816 424 1881 homines
456 1820 594 1881 mortem
626 1816 677 1879 vel
711 1819 823 1898 optare
855 1815 1014 1898 incipiant
1045 1816 1097 1879 rel

86 1909 173 1970 certe
205 1905 319 1969 timere
352 1904 519 1968 desistant.
572 1904 657 1969 Nam
689 1904 718 1968 si
746 1924 914 1987 supremus
944 1903 1000 1966 ille
1030 1902 1097 1966 dies

46 2020 72 2060 ac
85 2015 151 2059 non
188 1993 432 2076 extinctionem,
469 1992 524 2057 scd
562 1993 847 2056 commutationem
884 1991 990 2055 adfert
1026 1991 1098 2075 loci,

85 2081 164 2166 quid
191 2080 392 2165 optabilius?
421 2081 473 2145 sin
500 2083 607 2144 autem
630 2081 761 2163 perimit
784 2102 821 2144 ac
848 2079 935 2145 delet
958 2079 1098 2162 omnino,

85 2169 165 2254 quid
192 2170 307 2243 melius
335 2191 431 2254 quam
459 2169 493 2232 in
520 2167 634 2232 mediis
665 2169 752 2232 vitae
783 2168 950 2233 laboribus
983 2168 1098 2233 obdor-

85 2259 224 2322 miscere
241 2261 274 2321 et
291 2257 338 2321 ita
356 2257 559 2322 coniventem
573 2278 688 2320 somno
703 2257 865 2339 consopiri
880 2256 1098 2339 sempiterno?

86 2344 182 2421 Quod
205 2345 233 2409 si
256 2344 328 2427 fiat,
351 2345 466 2409 melior
488 2344 587 2409 Ennii
610 2366 706 2427 quam
726 2342 855 2408 Solonis
879 2344 992 2409 oratio.
1036 2343 1098 2407 Hie

51 2460 75 2501 a
88 2433 176 2498 enim
199 2437 324 2497 noster:

130 2537 250 2603 Nemo
269 2560 325 2602 me
348 2539 520 2603 lacrimis
545 2537 715 2619 decoret,
738 2536 855 2621 inquit,
878 2558 945 2687 neplr
963 2536 1098 2601 funera

947 2626 1010 2687 ctu

176 2716 303 2779 Faxit!

89 2832 136 2894 At
159 2852 235 2895 vero
259 2830 315 2894 ille
339 2831 481 2912 sapiens:

88 2935 190 2999 Mors
210 2957 290 2999 mea
308 2957 353 2999 nc
372 2938 504 2999 careat
522 2935 705 3017 laerimis3
724 2934 942 3017 linquamus
962 2935 1097 3000 amieis

54 3057 77 3095 ω
131 3021 357 3105 Maerorcm,
384 3026 426 3086 ut
453 3023 815 3090 eelebrentfunera
838 3045 920 3087 eum
943 3024 1097 3108 gemitu.

89 3136 157 3202 Nos
176 3158 263 3221 vero,
282 3139 310 3201 si
329 3136 405 3221 quid
423 3137 488 3201 tale
507 3138 667 3220 acciderit,
685 3140 722 3201 ut
737 3160 757 3202 a
774 3137 834 3202 deo
853 3137 1075 3202 denuntiatum
1100 3149 1151 3196 118

89 3225 249 3308 videatur,
276 3228 313 3289 ut
336 3246 485 3290 exeamus
513 3227 635 3309 evita,
665 3226 741 3290 laeti
765 3230 797 3290 et
820 3230 951 3310 agentes
974 3225 1096 3308 gratias

89 3335 259 3396 pareamus
286 3313 454 3397 emittique
481 3334 540 3377 nos
568 3336 585 3378 e
614 3314 761 3378 custodia
789 3316 821 3377 et
852 3312 952 3377 levari
982 3311 1097 3375 vinclis

91 3401 297 3486 arbitremur,
323 3403 360 3466 ut
388 3404 444 3465 aut
471 3400 506 3464 in
529 3405 693 3466 aeternam
719 3405 751 3464 et
777 3401 873 3483 plane
896 3401 930 3464 in
951 3402 1097 3462 nostram

60 3487 221 3556 adamum
244 3490 453 3574 remigremus
478 3493 535 3554 aut
554 3490 644 3554 omni
662 3511 756 3554 sensu
780 3487 990 3569 molestiaque
1012 3506 1098 3552 eare-
