2346 3876
103 133 169 198 436
299 129 597 186 TUSCULANARUM
615 126 922 184 DISPUTATIONUM

51 315 174 364 ecesse
196 293 322 377 possit?
371 291 446 358 Non
473 292 574 376 igitur
600 291 695 355 facile
719 290 859 356 concedo
884 312 987 374 neque
1009 289 1094 354 Bruto

104 404 176 447 meo
198 403 302 466 neque
326 381 547 445 communibus
571 379 738 463 magistris
761 400 820 443 nec
849 380 1012 443 veteribus
1036 377 1095 457 illis,

103 470 287 552 Aristoteli,
315 467 508 553 Speusippo,
535 465 721 548 Xenocrati,
750 466 937 545 Polemoni,
963 470 1012 549 ut,
1039 487 1096 528 cun

104 580 156 641 ea,
183 579 265 642 quae
288 578 385 640 supra
408 555 604 636 enumeravi,
634 555 668 618 in
691 554 786 618 malis
809 559 994 635 numerent,
1015 553 1095 616 iiden
1136 598 1138 625 2

105 647 215 712 dicant
232 666 358 727 semper
376 645 507 708 beatum
525 665 596 707 esse
614 642 802 726 sapientem.
841 642 931 718 Quos
951 643 978 706 si
999 641 1112 705 titulus
1136 648 1138 653 '

104 736 157 799 hic
184 734 323 798 delectat
348 732 485 817 insignis
514 736 547 795 et
569 730 716 814 pulcher,
745 728 952 815 Pythagora,
975 728 1095 808 Socrate,
1135 750 1138 791 ι

103 821 239 886 Platone
271 820 491 904 dignissimus,
522 819 675 883 inducant
701 818 846 882 animum
874 818 947 900 illa,
980 837 1095 901 quorun

105 910 272 992 splendore
287 908 465 991 capiuntur,
478 907 574 990 vires,
588 907 814 989 valetudinem,
828 906 1094 989 pulchritudinem,

104 998 243 1080 divitias,
261 997 409 1079 honores,
429 1015 505 1077 opes
525 998 729 1059 contemnere
748 1015 857 1077 eaque,
876 1016 960 1078 quae
973 993 1024 1058 his
1038 1013 1095 1078 con·

104 1087 204 1149 traria
223 1093 309 1166 sunt,
328 1083 504 1166 pronihilo
523 1082 651 1167 ducere,
669 1085 739 1147 tum
757 1085 915 1164 poterunt
933 1081 1092 1146 clarissima
1103 1101 1118 1140 u

102 1194 181 1236 voce
203 1171 348 1255 profiteri
371 1191 531 1255 seneque
560 1171 709 1235 fortunae
736 1170 861 1253 impetu
884 1191 945 1235 nee
968 1169 1095 1233 multitu·

104 1260 188 1324 dinis
203 1259 354 1343 opinione
367 1279 426 1322 nec
440 1258 550 1323 dolore
563 1280 623 1323 nec
641 1261 833 1342 paupertate
846 1259 972 1340 terreri,
992 1256 1094 1322 omnia·

104 1370 166 1433 que
189 1347 253 1411 sibi
275 1347 310 1410 in
333 1367 403 1411 sese
424 1368 493 1410 esse
515 1347 637 1430 posita,
658 1367 717 1410 nee
736 1367 806 1410 esse
829 1347 1002 1430 quicquam
1022 1347 1097 1409 extra

50 1455 84 1503 31
105 1458 196 1500 suam
225 1438 434 1518 potestatem,
463 1435 548 1518 quod
569 1428 698 1498 'ducant
729 1433 764 1497 in
794 1433 900 1498 bonis.
956 1433 1047 1498 Nunc
1071 1432 1095 1494 et

103 1524 183 1589 haec
204 1524 308 1607 loqui,
330 1544 413 1606 quae
432 1526 507 1586 sunt
524 1523 636 1606 magni
655 1520 820 1586 cuiusdam
844 1525 877 1584 et
901 1522 963 1585 alti
985 1521 1053 1603 viri,
1071 1521 1120 1581 ets

103 1613 228 1695 eadem,
251 1632 332 1695 quae
354 1611 483 1694 vulgus,
507 1609 541 1674 in
558 1609 654 1674 malis
674 1613 707 1674 et
728 1609 822 1673 bonis
847 1631 1018 1674 numerare
1036 1629 1093 1672 con·

103 1701 173 1764 cedi
199 1699 289 1764 nullo
316 1698 413 1763 modo
440 1701 557 1781 potest.
602 1698 673 1773 Qua
700 1697 805 1782 gloria
832 1704 1013 1762 commotus
1034 1694 1095 1779 Epi·

104 1810 198 1853 curus
217 1786 371 1868 exoritur3
389 1786 441 1850 cui
459 1786 571 1867 etiam,
590 1785 618 1848 si
636 1784 685 1849 dis
704 1786 822 1868 placet,
841 1785 969 1849 videtur
988 1803 1095 1867 semper

104 1875 231 1958 sapiens
258 1875 382 1938 beatus.
428 1873 492 1938 Hic
515 1873 675 1957 dignitate
701 1872 797 1937 huius
822 1874 1002 1937 sententiae
1025 1871 1096 1954 capi·

102 1967 168 2045 tur,
191 1963 247 2027 sed
264 1984 439 2045 numquam
458 1962 491 2024 id
510 1961 642 2043 diceret,
665 1960 693 2024 si
711 1961 782 2045 ipse
801 1982 834 2024 se
853 1961 989 2026 audiret.
1027 1955 1096 2036 Quid
1106 1980 1122 2018 u

104 2054 153 2114 est
176 2051 274 2133 enim,
298 2050 382 2133 quod
405 2050 510 2113 minus
534 2049 716 2130 conveniat,
740 2071 836 2131 quam
859 2052 896 2112 ut
919 2050 962 2133 is,
985 2050 1038 2133 qui
1058 2045 1097 2110 vel
1124 2118 1128 2123 ¹

103 2159 264 2202 summum
286 2138 338 2200 vel
362 2137 466 2201 solum
489 2137 609 2202 malum
637 2136 781 2202 dolorem
805 2158 876 2200 csse
894 2137 1001 2220 dicat,
1027 2135 1098 2200 iden

103 2228 232 2289 censeat
268 2223 386 2299 ‘Quam
423 2225 486 2290 hoc
522 2246 619 2289 suave
654 2222 731 2288 estl'
768 2227 851 2305 tum,
888 2246 962 2288 eum
1003 2225 1098 2288 dolore

103 2311 274 2396 crucietur,
301 2312 462 2377 dicturum
489 2334 558 2377 esse
586 2311 788 2395 sapientem?
839 2311 917 2377 Non
945 2313 1099 2398 igiturex

103 2401 240 2485 singulis
260 2401 390 2465 vocibus
408 2399 594 2484 philosophi
612 2400 778 2484 spectandi
797 2403 885 2483 sunt,
913 2401 969 2464 sed
989 2423 1027 2466 ex
1042 2417 1128 2484 per-s

102 2489 258 2572 petuitate
281 2492 377 2572 atque
401 2489 591 2553 constantia.

50 2581 89 2704 ἐξ
169 2612 209 2676 Α.
237 2611 378 2676 Adducis
406 2632 471 2694 me,
497 2614 535 2674 ut
558 2611 620 2674 tihi
644 2610 815 2675 adsentiar.
861 2609 926 2675 Sed
953 2615 1011 2676 tua
1037 2631 1101 2696 quo

103 2721 163 2782 que
186 2700 258 2763 vide
280 2722 322 2763 ne
345 2698 543 2763 desideretur
566 2697 761 2763 constantia

168 2827 214 2884 M.
238 2821 384 2897 Quonam
411 2820 529 2885 modo?

168 2925 208 2989 Α.
237 2924 320 3000 Quia
346 2926 412 3011 legi
438 2930 531 2991 tuum
557 2948 660 3009 nuper
683 2929 833 3010 quartum
856 2926 895 2990 de
918 2927 1053 3010 finibus,
1077 2926 1133 2988 ina

103 3033 140 3075 eo
164 3011 245 3075 mihi
267 3012 428 3077 videbare·
441 3017 554 3078 contra
578 3012 734 3079 Catonem
760 3015 921 3078 disserens
946 3016 1010 3081 hoc
1033 3014 1104 3080 velle

103 3099 282 3181 ostendere,
305 3101 390 3182 quod
409 3101 489 3165 mihi
508 3101 636 3184 quidem
654 3103 825 3186 probatur,
847 3103 933 3166 inter
952 3103 1105 3170 Zenonem

103 3190 135 3250 et
171 3186 404 3270 Peripateticos
440 3188 522 3252 nihil
556 3195 685 3273 praeter
720 3191 892 3255 verborum
935 3193 1106 3257 novitatem

102 3275 268 3339 interesse.
314 3274 407 3350 Quod
430 3277 458 3339 si
481 3277 528 3339 ita
551 3281 613 3360 est,
641 3278 717 3362 quid
740 3281 790 3343 est
813 3299 944 3363 causae,
974 3280 1063 3364 quin,
1084 3275 1107 3339 si

102 3361 241 3426 Zenonis
269 3363 389 3428 rationi
417 3368 669 3430 consentaneum
696 3367 739 3430 sit
768 3366 845 3430 satis
872 3387 1027 3450 magnam
1050 3367 1137 3431 eima

99 3450 135 3514 in
159 3450 279 3517 virtute
303 3473 371 3518 esse
395 3451 435 3516 ad
463 3451 557 3516 beate
579 3454 765 3531 vivendum,
792 3453 889 3518 liceat
916 3455 1004 3518 idem
1027 3453 1107 3519 Peri·
