2356 3870
162 158 713 226 fflmfflmnwm.
881 159 946 222 m

40 319 138 402 linas,
166 339 248 402 quae
275 319 426 382 virtutem
455 341 474 383 a
502 341 627 384 summo
654 319 741 384 bono
764 319 947 402 excludunt,

40 428 55 470 s
77 406 228 470 omnibus
246 405 450 489 ¹philosophis
468 405 548 470 haee
567 412 618 471 est
635 406 754 470 tuenda
776 408 944 490 sententia,

40 514 77 557 ne
104 496 214 557 tamen
241 491 373 571 Stoicis,
401 493 456 577 qui
487 493 569 557 nihil
603 493 691 558 aliud
722 494 757 557 in
786 494 945 558 bonorum

40 602 72 646 ro
95 580 161 644 nisi
183 579 357 644 honestum
380 601 450 644 esse
472 581 652 644 voluenmt.
690 578 752 645 Sed
774 581 854 645 haee
876 582 947 664 qui-

43 671 93 732 est
114 667 279 750 perfacilis
307 672 340 731 et
366 668 573 750 perexpedita
600 668 752 733 defensio.
793 667 871 743 Quis
895 673 946 732 est

40 811 41 821 ,
63 759 121 820 aut
144 755 215 838 quis
238 777 391 838 umquam
413 755 475 818 fuit
498 760 554 819 aut
576 756 713 820 avaritia
734 759 802 819 tam
821 754 947 819 ardenti

40 864 81 906 un
100 842 264 906 effrenatis
283 842 528 925 cupiditatibus,
550 848 588 907 ut
607 843 742 908 eandem
759 842 851 906 illam
868 863 946 925 rem,

59 929 193 1012 adipisci
216 929 334 993 scelere
362 930 476 1013 quovis
499 930 592 1010 velit,
618 951 685 994 non
708 930 819 994 multis
844 930 946 1013 parti-

40 1016 117 1081 nalit
140 1017 180 1080 ad
203 1038 286 1098 sese,
314 1017 410 1080 etiam
434 1018 522 1080 omni
549 1018 744 1100 impunitate
769 1018 946 1101 proposita,

40 1104 174 1168 iacinore
197 1125 294 1187 quam
316 1104 374 1168 illo
398 1105 494 1168 modo
516 1105 705 1187 pervenire?
742 1104 845 1180 Quam
870 1126 944 1168 vero
963 1126 997 1174 37

40 1196 115 1254 item
141 1194 198 1255 aut
224 1212 319 1274 quem
345 1191 486 1255 frustum
513 1196 659 1274 petentes
688 1193 769 1256 seire
798 1193 943 1275 cupimus

40 1299 120 1362 quae
143 1279 269 1343 occulta
295 1278 389 1343 nobis
417 1282 506 1361 sunt,
532 1300 595 1362 quo
622 1279 718 1345 modo
747 1285 946 1363 moveantur,

41 1386 120 1449 sque
156 1365 195 1429 de
231 1366 335 1429 eausis
372 1387 410 1429 ea
445 1370 612 1431 versentur
643 1368 678 1430 in
710 1367 820 1431 eaelo?
866 1368 945 1444 Quis

40 1476 48 1516 ι
70 1455 139 1517 tam
163 1453 346 1536 agrestibus
367 1453 526 1516 institutis
547 1454 638 1543 vivit,
663 1457 719 1518 aut
741 1455 811 1536 quis
831 1460 946 1520 eontra

40 1566 47 1604 l
72 1543 208 1604 naturae
234 1544 302 1604 tam
329 1540 532 1605 vehementer
555 1541 720 1622 obduruit,
747 1545 784 1604 ut
807 1564 827 1605 a
848 1542 945 1605 rebus

40 1627 124 1692 tione
147 1628 252 1711 dignis
272 1627 449 1692 ‘abhorreat
472 1649 589 1710 easque
608 1628 677 1691 sine
699 1627 866 1710 voluptate
890 1632 946 1692 aut

40 1719 81 1780 ite
105 1715 213 1797 aliqua
234 1736 299 1779 non
323 1715 465 1798 requirat
488 1721 521 1779 et
542 1736 602 1798 pro
625 1713 729 1777 nihilo
752 1715 865 1798 putet?
889 1718 945 1779 aut

40 1807 105 1885 est,
133 1802 189 1886 qui
214 1801 429 1866 Maximorum
456 1805 512 1866 aut
535 1801 760 1866 Africanorum
789 1803 945 1885 autema,

52 1893 90 1953 tu
112 1890 220 1954 inore
239 1910 366 1973 semper
383 1889 498 1972 habes,
520 1890 633 1972 proavi
651 1890 729 1971 mei,
753 1892 944 1953 oeterorum-

40 1978 167 2041 irorum
189 1976 323 2040 fortium
346 1981 443 2060 atque
464 1977 553 2040 omni
571 1977 690 2040 virtute
710 1978 944 2059 praestantium

62 2065 162 2146 dieta,
181 2065 316 2128 consilia
334 2084 530 2147 cognoscens
548 2064 639 2127 nulla
658 2065 765 2128 animo
784 2064 943 2129 afficiatur

40 2152 126 2216 tate?
176 2151 255 2227 Quis
279 2155 386 2215 autem
415 2150 552 2215 honesta
574 2151 608 2215 in
630 2151 755 2215 familia
776 2152 943 2217 institutus
962 2171 997 2220 aa

40 2242 155 2304 ¹ucatus
187 2240 325 2323 ingenue
359 2260 426 2302 non
461 2238 530 2320 ipsa
566 2239 782 2322 turpitudine,
816 2240 945 2303 etiamsi

40 2327 166 2390 laesura
191 2348 259 2390 non
286 2327 342 2408 sit,
374 2325 566 2390 offenditur?
597 2327 669 2408 quis
701 2326 810 2390 animo
842 2348 943 2410 aequo

54 2435 141 2495 eum,
169 2435 262 2496 quem
290 2413 415 2495 impure
442 2434 479 2476 ae
505 2412 664 2495 flagitiose
697 2416 790 2494 putet
815 2413 944 2478 vivere?

40 2523 101 2566 non
130 2501 198 2564 odit
226 2501 385 2582 sordidae,
413 2521 528 2582 vanos,
554 2498 655 2581 leves,
677 2496 823 2562 futtiles?
860 2499 944 2574 Quid

40 2611 47 2652 ι
69 2588 134 2652 diei
155 2588 289 2671 poterit,
311 2589 339 2651 si
361 2587 592 2670 turpitudinem
614 2608 681 2650 non
701 2586 807 2667 ipsam
828 2607 886 2669 per
908 2609 943 2651 se

40 2675 123 2739 idam
150 2696 220 2739 esse
248 2678 440 2755 statuemus,
468 2673 659 2756 quominus
686 2672 833 2737 homines
855 2677 943 2738 tene-

42 2767 75 2826 et
102 2761 307 2828 solitudinem
333 2762 422 2825 nacti
448 2761 537 2825 nullo
564 2760 718 2825 dedecore
746 2782 780 2824 se
803 2761 942 2826 abstine-

40 2850 99 2913 nisi
122 2871 177 2914 eos
203 2871 262 2932 per
284 2871 318 2913 se
340 2849 494 2912 foeditate
517 2870 575 2911 sua
596 2847 764 2930 turpitudo
791 2849 864 2932 ipsa
891 2849 942 2913 de·

40 2937 80 3001 t?
126 2936 378 3000 Innumerabilia
401 2935 464 3000 diei
491 2939 627 3017 possunt
654 2935 688 2998 in
710 2935 793 3000 hane
817 2932 942 3001 senten-

59 3025 115 3088 sed
142 3046 207 3088 non
233 3045 364 3088 neeesse
393 3026 451 3086 est.
495 3021 587 3086 Nihil
616 3026 666 3086 est
689 3024 787 3107 enim,
817 3025 942 3107 dequo

40 3135 43 3172 ι
75 3111 217 3175 dubitari
246 3112 364 3194 possit,
400 3131 497 3192 quam
530 3111 562 3172 et
593 3109 730 3175 honesta
766 3111 943 3194 expetenda

40 3221 60 3263 e
88 3206 122 3262 et
148 3199 259 3262 eodem
287 3199 383 3261 modo
411 3197 520 3279 turpia
546 3218 604 3280 per
627 3219 661 3260 se
689 3219 759 3262 esse
781 3197 942 3282 fugienda.

39 3287 124 3350 ituto
156 3289 263 3350 autem
295 3285 366 3367 illo,
398 3285 437 3348 de
469 3305 531 3367 quo
564 3288 639 3348 ante
671 3285 825 3367 diximus,
856 3285 994 3367 quodue

40 3377 111 3438 tum
130 3378 224 3454 esset,
242 3373 275 3436 id
294 3394 364 3436 esse
384 3373 487 3436 solum
506 3372 635 3453 bonum,
652 3372 796 3452 intellegi
811 3393 940 3435 neeesse

40 3461 112 3525 nris
138 3460 185 3543 id,
212 3459 298 3543 quod
324 3459 495 3524 honestum
523 3459 577 3542 sit,
606 3458 841 3523 aestimandum
870 3479 940 3524 esse
