2346 3876
127 170 193 234 350
324 166 619 223 Tusculanarum
638 164 943 221 DISPUTATIONUM

125 351 280 414 umquam
306 351 346 394 ne
373 327 564 413 ingemescit
586 325 715 410 quidem
738 326 787 389 vir
813 324 912 390 fortis
935 348 973 391 ac
996 324 1120 409 sepiem,

125 419 190 482 nisi
218 417 300 482 forte
327 420 364 480 ut
390 438 424 480 se
450 415 597 480 intendat
619 413 660 478 ad
681 415 884 495 firmitatem,
913 415 985 477 ut
974 436 1009 478 m
1030 412 1121 479 stadio

127 510 272 570 cursores
300 504 493 586 exclamant,
519 524 615 586 quam
643 502 782 565 maxime
806 504 954 584 possunt
999 499 1121 564 Faciunt

126 593 226 676 idem,
255 613 328 656 cum
355 594 554 674 exercentur,
582 588 685 653 athlet
671 592 738 671 tae,
765 589 893 672 pugiles
919 610 1011 666 vero,
1038 588 1121 652 etieu

128 703 200 744 cum
225 680 346 744 feriunt
373 641 604 755 adversariim,
637 676 672 740 in
702 676 862 740 lactandis
889 637 1093 740 caestibus
1084 694 1139 739 ιιι

127 771 331 851 gemescunt,
361 787 427 831 non
460 764 545 849 quod
572 727 703 828 doleant
731 763 884 828 animove
917 764 1122 845 succumbunt,

127 855 183 920 scd
214 855 289 939 quia
320 852 543 936 profundenda
573 873 650 916 voce
682 872 776 915 omne
809 872 925 935 corpus
959 852 1010 915 int
995 850 1124 915 tenditur

127 943 278 1026 venitque
300 941 400 1041 plaga
422 939 650 1005 vehementior.

74 1027 117 1088 24
194 1027 299 1106 Quid?
336 1029 391 1111 qui
427 1028 539 1093 volunt
575 1026 754 1091 exclamare
790 1026 909 1110 ιιιιιιι,
941 1048 1021 1091 num
1055 1025 1123 1090 satir

127 1118 249 1181 habent
280 1117 326 1179 lat
328 1136 395 1197 era,
426 1115 549 1197 fauces,
583 1115 728 1199 linguam
760 1113 940 1197 intendem,
971 1136 991 1178 e
1021 1114 1148 1198 quibuse

128 1205 186 1267 eici
218 1223 329 1267 vocem
361 1165 395 1266 ei
423 1202 514 1266 frmdi
545 1201 714 1267 ridemus?
767 1201 850 1265 Toto
878 1221 1014 1285 corpore
1041 1205 1123 1284 atque

128 1291 277 1355 omnibus
299 1289 441 1373 ungulis,
469 1294 507 1354 ut
528 1288 659 1372 dicitur,
685 1288 886 1353 contentioni
913 1290 1004 1354 uocis
1030 1289 1123 1354 adeor

75 1400 108 1446 ιι
127 1378 227 1442 siunt.
205 1375 363 1441 tGenu
385 1378 565 1442 mehercule
588 1376 632 1440 M
655 1377 834 1441 Antonium
856 1374 939 1459 ridi,
966 1388 1040 1442 curn
1060 1396 1122 1442 oon·

127 1469 216 1530 tenta
234 1487 300 1567 pro
323 1486 358 1528 se
380 1465 450 1549 ipse
472 1467 544 1550 lege
565 1463 667 1529 Varia
689 1463 821 1546 diceret,
848 1468 973 1529 terram
994 1470 1146 1551 tangere

127 1553 173 1618 Ut
191 1554 276 1617 enim
296 1552 432 1617 balistae
455 1552 601 1634 lapidum
620 1555 653 1616 et
670 1551 796 1634 reliqua
812 1555 980 1617 ’tormenta
996 1550 1168 1616 telorune'

128 1663 164 1705 eo
192 1642 356 1725 graviores
387 1640 577 1704 emissiones
609 1638 745 1722 hebent,
782 1661 845 1723 quo
877 1644 957 1704 sunt
986 1641 1125 1705 contente

128 1734 224 1812 atque
252 1728 388 1792 adducta
416 1727 651 1810 vehementius,
678 1726 724 1791 sie
749 1748 826 1810 vox,
856 1727 904 1790 sic
933 1748 1061 1810 cursus,
1087 1725 1126 1790 sic

127 1817 225 1900 plaga
251 1815 313 1880 hoc
340 1815 483 1900 gravior,
511 1836 574 1899 quo
602 1819 652 1879 cst
678 1814 778 1879 missa
800 1815 992 1880 contentius.
1038 1812 1127 1879 Cuius

127 1903 343 1968 contentionis
374 1924 446 1966 cum
472 1905 566 1966 tanta
593 1903 643 1966 ris
672 1903 728 1985 sit,
756 1903 785 1966 si
807 1903 948 1986 gemitus
969 1903 1003 1968 ιιι
1026 1902 1128 1968 dolore

129 1991 169 2054 sd
197 1990 449 2055 confirmandum
476 1990 620 2054 animum
652 1988 788 2074 valebit,
819 1993 962 2075 utemur;
994 1991 1047 2055 sin
1075 1989 1157 2053 erite

127 2078 181 2143 ille
208 2078 347 2162 gemitus
378 2077 627 2155 demutabilis,
655 2077 684 2141 si
710 2076 894 2160 inbecillus,
921 2078 951 2141 ιι
981 2078 1128 2156 abiectus,

128 2165 156 2228 ιι
177 2164 309 2247 flebilis,
332 2166 362 2229 ei
384 2165 439 2248 qui
462 2185 497 2228 se
519 2164 656 2247 dederit,
683 2165 737 2228 vix
764 2186 838 2228 eum
860 2165 967 2229 virum
992 2164 1128 2230 dixerim.

129 2252 189 2328 Qui
220 2252 349 2335 quidem
380 2253 519 2336 gemitus
556 2251 584 2315 si
616 2252 789 2317 levationis
828 2252 952 2336 aliquid
988 2252 1129 2333 auertet,

127 2343 235 2404 tamen
261 2339 456 2422 rideremus,
488 2339 565 2424 qnid
593 2343 679 2403 asset
705 2338 799 2405 fortis
831 2343 864 2403 et
892 2340 1032 2405 animosi
1062 2339 1129 2421 viri3

128 2449 200 2491 cum
227 2449 302 2492 vero
328 2427 411 2492 nihil
438 2426 610 2491 imminuat
636 2427 771 2511 doloris,
798 2448 854 2492 cnr
879 2426 1004 2493 frustra
1025 2432 1159 2512 turperis

128 2537 198 2580 esse
228 2514 401 2580 volumus?
457 2514 541 2590 Quid
572 2518 622 2578 est
653 2514 739 2578 enim
769 2514 848 2579 fietu
883 2515 1038 2580 muliebri
1067 2516 1129 2580 riro

77 2624 109 2672 ιι
128 2603 278 2687 turpius?
327 2603 436 2686 Atque
471 2601 533 2666 hoc
568 2607 789 2686 pracceptum,
829 2602 914 2686 quod
951 2604 1012 2668 de·
1025 2603 1130 2669 dolore

128 2691 183 2754 dat
169 2694 235 2771 t,ur
257 2693 349 2772 patet
371 2689 479 2754 latius.
515 2688 674 2754 Omnibus
697 2689 783 2753 enim
805 2690 915 2774 rebus,
937 2712 1006 2757 non
1031 2690 1129 2757 solum

127 2740 246 2859 dolori,
270 2778 368 2841 simili
391 2778 595 2843 contentione
619 2777 718 2841 animi
740 2777 957 2843 resistendum
981 2784 1040 2844 est
1081 2779 1130 2845 112

128 2827 319 2947 exardescit,
346 2865 447 2929 libido
475 2866 616 2930 concitat
617 2887 669 2948 ur;
696 2865 732 2930 in
763 2864 896 2929 eandem
924 2886 1035 2932 arcem
1062 2886 1130 2932 con-
1139 2885 1160 2926 ιι

127 2914 319 3034 fugienduni
352 2956 415 3034 est,
453 2954 564 3017 eadem
601 2957 678 3017 sunt
717 2975 809 3018 mma
850 2950 1130 3019 remandasset

128 3038 281 3122 quoniam
314 3038 352 3102 de
384 3039 492 3104 dolore
531 3041 707 3125 loquimur,
742 3042 801 3106 illa
832 3041 927 3106 omitt
929 3062 1033 3109 amus.
1083 3039 1129 3106 Ad

127 3126 373 3191 ferendumt
311 3127 373 3209 igit
374 3149 413 3190 ur
426 3126 569 3192 dolorem
583 3128 708 3212 placide
722 3132 818 3213 atquc
833 3129 942 3194 sedate
960 3131 1128 3214 plurimum

127 3213 257 3297 proficit
287 3215 358 3278 toto
389 3218 531 3298 pectore,
563 3221 601 3280 ut
631 3217 761 3301 dicitur,
788 3217 946 3302 cogitare,
978 3214 1129 3302 quamid

127 3303 367 3366 honestumt
323 3301 375 3366 sit.
421 3300 537 3368 Sumus
561 3304 647 3368 enim
668 3307 797 3388 natura,
824 3308 861 3370 ut
883 3309 959 3370 ante
985 3306 1053 3370 dixi
1074 3303 1156 3391 (di-s

128 3388 263 3454 cendum
299 3393 350 3454 est
385 3391 470 3455 enim
506 3390 669 3478 saepius),
708 3355 938 3458 studiosissimi
983 3394 1126 3478 adpeten-

123 3476 309 3564 tr'ssimique
337 3477 537 3566 honestatis,
563 3480 654 3544 cuius
674 3480 710 3542 ιι
739 3481 831 3562 quasi
864 3480 974 3546 lumen
1006 3477 1125 3565 aliquod
