2346 3876
307 157 375 212 ιιι.
394 158 441 212 lv.
469 157 546 211 eAP.
566 162 688 213 ιιι-ιι.
718 163 873 222 era-re.
1029 157 1092 221 231

82 319 169 385 nihil
192 320 291 384 iuvat.
328 317 395 384 Nee
419 318 518 403 enim,
542 340 653 384 omnes
673 318 825 382 avaritias
849 319 876 382 si
899 340 998 403 aeque
1022 341 1095 383 ava-

83 409 179 472 ritias
204 429 273 473 esse
298 407 487 489 dixerimus,
511 411 673 491 sequetur,
702 409 738 470 ut
761 405 859 471 etiam
882 428 1001 491 aequas
1025 429 1094 472 esse

83 495 239 560 dicamus.
287 495 371 560 Eece
398 495 486 560 aliud
509 495 614 559 simile
641 494 807 558 dissimile.
852 492 898 557 Ut
921 494 1020 577 enim,
1045 496 1093 559 in·
1113 509 1147 558 76

85 585 169 667 quit,
203 585 401 668 gubernator
433 605 533 667 aeque
563 586 688 666 peccat,
721 582 750 644 si
781 583 946 664 palearum
977 605 1093 646 navem

57 671 204 736 revertit
231 675 265 735 et
292 672 319 736 si
347 672 430 755 auri,
457 673 535 735 item
565 692 665 754 aeque
692 674 817 752 peccat,
845 671 900 753 qui
928 674 1093 753 parentem

85 763 118 823 et
147 760 202 842 qui
230 781 357 823 servum
384 759 504 834 iniuria
530 759 687 831 verberat.
713 793 758 803 -
785 756 857 822 Hoc
884 779 950 821 non
979 757 1094 840 videre,
1149 832 1153 840 Ι

84 847 177 912 cuius
206 848 333 931 generis
361 870 442 911 onus
468 847 561 911 naris
590 846 700 929 vehat,
730 845 765 909 id
798 845 838 909 ad
870 847 1093 930 gubernatoris

85 938 191 999 artem
213 935 296 998 nihil
319 936 490 1018 pertinere!
517 936 627 1018 itaque
651 955 766 998 aurum
788 935 955 1016 paleamne
978 936 1094 1017 portet,

85 1022 126 1086 ad
153 1023 236 1086 bene
266 1027 322 1086 aut
351 1022 406 1099 ad,
424 1023 507 1086 male
540 1021 783 1106 gubernandum
811 1022 892 1086 nihil
924 1023 1092 1086 interesse!

49 1135 73 1174 ιι
86 1110 132 1174 At
155 1109 233 1194 quid
255 1111 339 1175 inter
360 1116 527 1194 parentem
549 1113 582 1174 et
600 1108 769 1176 servulum
786 1108 923 1189 intersit,
947 1111 1093 1194 intellegi

86 1200 119 1261 et
146 1201 258 1280 potest
289 1201 322 1262 et
353 1199 456 1262 debet.
506 1198 595 1283 Ergo
627 1199 662 1262 in
693 1199 901 1283 gubernando
933 1199 1029 1282 nihil,
1060 1200 1094 1262 in

86 1285 195 1350 officio
219 1285 393 1368 plurimum
417 1286 562 1364 interest,
586 1308 650 1369 quo
671 1287 706 1349 in
724 1307 839 1370 genere
858 1292 1014 1389 peccetur.
1049 1286 1094 1350 Et

85 1374 114 1437 si
137 1374 172 1437 in
195 1374 268 1456 ipsa
290 1374 523 1475 gubernatione
549 1337 757 1474 ireglegentia
780 1377 830 1438 est
858 1375 950 1439 navis
975 1397 1095 1456 eversa,

86 1461 192 1526 maius
213 1465 264 1524 est
285 1462 484 1544 peecatum
475 1485 510 1526 m
528 1484 607 1526 auro
627 1484 723 1558 quam
741 1463 775 1526 iu
797 1463 898 1543 palea
936 1461 1093 1526 Omnibus

51 1573 73 1612 ιι
87 1550 175 1612 enim
208 1550 333 1614 artibus
372 1548 520 1615 volumus
557 1541 750 1614 attributam
786 1570 856 1614 esse
893 1571 975 1632 earn,
1013 1572 1093 1650 quae

87 1637 267 1702 eommunis
304 1637 485 1720 appellatur
523 1628 708 1720 prudentia,
746 1658 843 1721 quam
880 1658 1003 1719 omnes,
1039 1637 1094 1719 qui

86 1726 201 1809 auique
226 1725 363 1790 artifieio
385 1729 552 1808 praesunt,
580 1725 697 1790 debent
723 1724 850 1788 habere.
894 1723 946 1788 Ita
970 1744 1010 1788 ne
1032 1723 1094 1787 hoe

87 1813 217 1895 quidem
239 1812 335 1877 modo
358 1814 451 1896 paria
473 1817 607 1897 peecata
630 1817 713 1878 sunt.

153 1899 347 1985 Urguentt
349 1923 441 1965 amen
465 1906 497 1966 et
519 1901 601 1965 nihil
624 1902 705 1965 remi
706 1905 801 1965 t.tunt
848 1900 1056 1983 Quoniam,
1046 1922 1093 1963 ιιι

51 2013 75 2052 ιι
89 1989 218 2072 quiunt,
242 2009 335 2053 omne
358 1993 469 2140 peccat
471 2012 524 2053 um
552 1989 755 2053 imbeeillitat
706 1990 784 2053 ttis
808 1992 840 2052 et
861 1948 1146 2053 inconstantiae77

90 2081 152 2159 est,
175 2075 255 2140 haec
275 2080 381 2141 autem
400 2077 480 2142 vitia
502 2077 536 2140 in
555 2077 703 2141 omnibus
727 2082 757 2141 s
743 2076 834 2141 ultis
855 2098 954 2161 aeque
975 2097 1094 2161 magna

90 2167 179 2246 sunt,
201 2186 332 2228 necesse
356 2168 405 2228 est
427 2165 519 2247 paria
542 2186 612 2228 esse
635 2169 776 2248 peecata.
818 2164 917 2240 Quasi
939 2186 1014 2229 vero
1039 2169 1094 2228 aut

89 2251 316 2317 concedatur
306 2274 341 2315 111
364 2252 514 2316 omnibus
533 2251 642 2316 stultis
661 2274 760 2336 aeque
779 2273 898 2336 magna
916 2274 984 2317 esse
1005 2253 1094 2330 vitia,

89 2344 120 2404 et
149 2340 261 2403 eadem
293 2340 465 2404 imbeeillit
451 2343 518 2404 tate
551 2340 622 2404 et
613 2341 831 2404 inconstantia
866 2338 901 2403 L.
933 2339 1095 2404 Tubulum
1122 2403 1128 2414 ,

52 2427 204 2510 afuisse,
226 2449 291 2511 qua
309 2427 414 2514 illum,
438 2428 526 2493 cuius
550 2428 579 2492 is
598 2428 829 2492 condemnatus
849 2429 897 2491 est
914 2428 1094 2527 rogatione,

87 2515 121 2580 Ρ.
146 2513 346 2599 Scaevolam,
377 2518 410 2580 et
437 2516 529 2600 quasi
556 2515 640 2579 nihil
667 2515 751 2578 inter
773 2536 825 2578 res
849 2535 974 2597 quoque
997 2513 1095 2614 ipsas,

88 2603 120 2667 ιιι
155 2602 273 2687 quibus
304 2607 469 2688 peccatur,
502 2603 644 2686 intersit,
678 2605 727 2685 ut,
760 2624 821 2685 quo
857 2601 919 2664 hae
956 2601 1094 2666 maiores

88 2691 270 2755 minoresve
294 2692 372 2769 sint,
396 2713 446 2771 eo,
470 2714 552 2776 quae
574 2690 777 2774 peccentur
767 2712 802 2753 ιιι
823 2689 875 2753 his
899 2689 1009 2772 rebus,
1038 2693 1095 2753 aut

87 2778 214 2842 maiora
242 2778 307 2841 sint
335 2781 391 2842 aut
417 2779 556 2844 minora!
604 2778 717 2862 Itaque
749 2774 828 2862 (iam
856 2776 940 2840 enim
969 2778 1094 2842 conclu·
1113 2798 1147 2847 ιι

50 2888 76 2928 a
88 2867 185 2930 datur
204 2863 323 2952 oratio)
342 2865 404 2930 hoc
420 2889 483 2931 uno
503 2866 583 2931 vitio
602 2866 741 2929 maxime
762 2865 844 2928 mihi
866 2865 969 2948 premi
987 2865 1095 2929 viden·

87 2957 141 3017 tur
168 2953 219 3017 tui
243 2951 356 3037 Stoici,
383 2953 468 3037 quod
490 2976 524 3018 se
554 2975 650 3036 posse
672 2955 790 3036 putant
814 2952 892 3017 duas
916 2954 1094 3018 contrarias

1104 1871 1146 1934 28

88 3040 265 3105 sententias
294 3041 448 3106 obtinere.
499 3039 583 3116 Quid
614 3041 698 3104 enim
732 3044 781 3105 est
812 3044 880 3106 tam
911 3063 1094 3125 repugnans

87 3151 187 3212 quam
215 3128 349 3192 eundem
378 3129 495 3212 dicere,
523 3128 608 3212 quod
639 3129 812 3195 honestum
842 3130 900 3214 sit,
928 3130 1032 3192 solum
1062 3127 1096 3191 id

87 3216 211 3281 bonum
234 3237 317 3300 esse,
344 3217 399 3301 qui
428 3216 514 3280 dieat
537 3215 770 3299 appetitionem
793 3239 899 3281 rerum
925 3216 965 3279 ad
988 3215 1094 3279 viven-

49 3303 166 3368 adum
191 3304 504 3369 accommodatarum
528 3325 547 3368 a
569 3307 686 3370 natura
708 3302 908 3389 profectam?
948 3303 1000 3366 lta
1024 3322 1095 3364 cum

88 3413 126 3455 ea
159 3391 273 3456 volunt
307 3391 459 3477 retinere,
496 3414 578 3476 quae
615 3392 771 3476 superiori
807 3389 985 3455 sententiae
1022 3410 1095 3452 eon·

86 3479 236 3563 veniunt,
264 3479 298 3543 in
325 3479 513 3545 Aristonem
541 3479 701 3564 incidunt,
729 3501 801 3543 cum
827 3478 860 3542 id
891 3477 1036 3561 fugiunt,
1061 3495 1097 3539 re
