2346 3876
104 172 170 235 216
270 173 319 226 DE
337 171 483 227 FINIBUS
501 171 681 255 Bonorum
695 173 743 227 ΕΤ
761 171 945 228 MALORUM

103 335 227 398 Eorum
254 336 340 400 enim
368 335 512 401 omnium
540 336 643 399 multa
664 335 1004 419 praetermittentium,
1031 335 1091 399 dun

105 423 228 507 eligant
246 423 381 508 aliquid,
399 423 484 507 quod
505 426 695 508 sequantur,
715 423 807 507 quasi
827 427 921 488 curta
939 423 1091 504 sententia3
1140 476 1142 483 .

106 514 139 575 at
165 533 240 576 vero
262 512 320 576 illa
342 511 486 595 perfecta
509 515 606 594 atque
628 511 725 593 plena
747 532 872 593 eorum,
900 512 956 595 qui
978 532 1043 576 cun
1061 511 1091 574 de
1139 508 1142 551 ἱ

104 598 246 664 hominis
270 621 396 665 summo
419 600 504 664 bono
527 601 730 683 quaererent,
752 599 877 664 nnllam
900 599 935 664 in
953 620 992 665 eo
1008 618 1091 683 neque

105 688 205 751 animi
232 709 336 772 neque
364 688 508 771 corporis
535 691 662 771 partem
689 707 825 751 uacuam
852 687 957 753 tutela
978 687 1109 771 reliques

52 795 87 842 ³7
107 780 193 840 runt.
219 774 288 840 Vos
305 779 424 859 autem,
442 773 534 858 (lato,
551 776 627 859 quia
645 776 757 858 virtus,
778 779 816 839 ut
834 797 946 840 omnes
965 775 1091 854 fatemur,

106 865 302 929 altissimum
328 864 437 929 locum
463 864 499 928 in
525 863 656 928 homine
679 867 713 928 et
739 863 879 928 maxime
903 864 1087 928 excellentem

104 955 209 1037 tenet,
237 955 269 1016 et
296 953 381 1037 quod
408 973 476 1031 eos,
505 952 559 1036 qui
585 952 747 1036 sapientes
771 955 861 1035 eunt,
889 952 1090 1017 absoluteset

104 1039 264 1123 perfectos
291 1045 458 1124 putamus,
485 1040 588 1104 aciem
620 1040 804 1106 animorum
832 1044 1017 1104 nostrorum
1043 1038 1089 1102 vir·

104 1129 185 1192 tutis
204 1128 373 1210 splendore
392 1128 643 1212 praestringitis.
678 1127 719 1192 In
737 1128 825 1192 omni
844 1129 931 1193 enirn
950 1129 1119 1193 animantes

106 1219 157 1278 est
179 1237 339 1280 summum
363 1217 484 1299 aliquid
507 1221 603 1300 atque
626 1217 798 1300 optimum,
824 1219 863 1280 ut
891 1217 926 1280 in
949 1215 1090 1300 equie,in

106 1303 253 1386 canibus,
280 1304 398 1388 quibus
425 1308 537 1370 tamen
566 1307 599 1369 et
625 1304 736 1370 dolore
758 1325 874 1369 vacare
897 1326 980 1388 opus
1008 1302 1090 1368 estet

105 1391 226 1476 valere,
254 1391 300 1456 sie
327 1392 429 1476 igitur
454 1393 646 1460 infflhonrine
672 1391 829 1476 perfectio
853 1394 920 1458 ista
935 1389 976 1458 'in
997 1413 1031 1457 ee
1049 1409 1089 1474 pe

105 1478 282 1562 tissimum,
309 1480 394 1564 quod
422 1484 473 1545 est
499 1481 673 1565 optimum,
698 1481 732 1545 id
754 1483 804 1545 est
826 1480 862 1545 in
885 1482 1017 1564 virtute,
1040 1479 1088 1542 len·

106 1566 211 1631 datur.
261 1568 374 1652 Itaque
402 1569 482 1632 mihi
509 1590 575 1634 nen
602 1569 683 1633 satis
714 1567 870 1634 videmini
903 1568 1118 1645 considerares

106 1656 191 1740 quod
214 1657 277 1721 iter
299 1657 343 1721 sit
365 1660 499 1721 naturae
523 1678 667 1741 quaeque
690 1657 885 1740 progressia
921 1656 997 1723 Non
1017 1654 1090 1727 enim,

105 1743 190 1826 quod
212 1744 293 1809 facit
315 1744 350 1808 in
370 1744 535 1828 frugibus,
557 1748 603 1827 ut,
626 1765 697 1809 cum
716 1745 757 1808 ad
781 1745 906 1828 spicam
929 1739 1091 1829 perduxerit

106 1832 146 1895 ab
178 1832 294 1916 herba,
324 1832 489 1916 relinquat
520 1836 554 1896 et
585 1854 644 1915 pro
681 1832 783 1898 nihilo
814 1829 937 1898 habeat
971 1833 1091 1909 herbam,

105 1918 191 1983 idem
213 1921 293 1984 facit
315 1920 350 1984 in
371 1919 516 2003 homine,
543 1943 616 1985 cum
640 1942 713 1985 eum
736 1920 777 1984 ed
799 1921 937 1987 rationis
967 1920 1091 1987 habitum

105 2007 264 2089 perduxit.
316 2005 449 2092 Semper
481 2008 566 2072 enim
593 2009 641 2072 ita
669 2009 807 2073 assumit
838 2009 974 2094 aliquid,
1000 2013 1034 2074 ut
1057 2016 1126 2084 ea*

53 2114 88 2163 ae
107 2116 189 2179 quae
225 2096 332 2179 prima
367 2096 504 2177 dederit,
534 2118 600 2162 non
632 2097 768 2161 deserat.
819 2095 935 2182 Itaque
968 2096 1092 2163 sensibus
1134 2150 1137 2157 .

106 2183 267 2248 rationem
290 2184 436 2248 adiunxit
464 2188 496 2249 et
518 2186 644 2251 ratione
672 2185 785 2274 effecta
812 2207 926 2250 senens
953 2208 1018 2251 non
1037 2179 1095 2248 reli·

106 2271 185 2353 quit.
229 2269 276 2336 Ut
298 2271 327 2335 si
350 2271 476 2337 cultura
498 2273 628 2356 vitium,
651 2274 741 2338 euius
764 2273 827 2338 hoc
850 2295 967 2338 munus
980 2277 1048 2355 est,
1067 2267 1096 2332 ul

107 2359 240 2443 efficiat,
272 2362 309 2423 ut
339 2359 416 2424 vitis
449 2382 521 2425 curn
553 2361 703 2427 omnibus
735 2361 883 2445 partibus
917 2363 984 2427 suis
1016 2373 1098 2446 qnam

41 2496 46 2505 .
107 2447 228 2529 optime
248 2469 282 2512 se
300 2447 421 2512 habeat
440 2486 497 2532 —,
520 2449 575 2513 sed
595 2450 642 2514 sic
661 2449 889 2535 intellegamus
909 2447 1001 2536 (licet
1018 2447 1133 2523 enine

106 2537 223 2600 utros
246 2557 374 2620 quoque
397 2537 523 2620 soletis,
546 2538 667 2621 fingere
686 2536 809 2622 aliquid
832 2538 968 2603 docendi
989 2532 1104 2620 causa)²

107 2623 258 2706 eiigitur
281 2624 340 2689 illa
363 2626 490 2689 cultura
511 2625 626 2689 vitium
649 2626 767 2710 invite
790 2626 870 2690 insit
891 2626 977 2710 ipsa,
1001 2629 1109 2696 cetera,

107 2711 215 2794 credo,
235 2711 328 2795 velit,
346 2733 427 2796 quae
446 2713 487 2777 ad
506 2713 671 2777 colendam
689 2713 789 2777 vitem
808 2714 1008 2798 attinebant,
1029 2706 1112 2778 sieut

107 2801 216 2880 antea,
240 2821 274 2863 se
298 2803 405 2865 autem
428 2801 579 2866 omnibus
597 2801 673 2866 vitis
696 2801 842 2884 partibus
863 2802 1027 2885 praeferat
1048 2804 1114 2864 eta·

106 2888 242 2969 tuatque
268 2887 350 2952 nihil
379 2909 449 2953 esse
476 2889 591 2953 melius
620 2890 654 2955 in
678 2890 744 2954 vite
767 2899 864 2974 qu'am
888 2911 936 2970 se,
964 2890 1134 2955 similiter

107 2993 233 3054 sensus,
256 2994 329 3038 cum
348 2976 483 3040 accessit
502 2977 543 3040 ad
559 2980 721 3061 naturam,
738 2981 848 3042 tuetur
866 2978 958 3043 illam
977 2978 1124 3064 quidemr

107 3061 285 3125 sedetiam
308 3083 342 3126 se
365 3066 487 3146 tuetur,
515 3086 587 3129 cum
615 3069 723 3129 autem
752 3069 923 3150 assumpta
949 3070 1002 3131 est
1022 3065 1127 3135 ratior

105 3151 198 3214 tanto
226 3149 261 3213 in
288 3149 456 3216 dominatu
482 3153 620 3237 locatur,
648 3157 685 3218 ut
712 3154 822 3218 omnia
851 3154 910 3218 illa
932 3156 1038 3238 prima
1058 3173 1125 3218 na‘

52 3257 87 3305 39
106 3240 198 3301 turae
224 3237 320 3302 huius
349 3241 471 3304 tutelae
495 3241 703 3306 subiciantur.
747 3241 862 3326 Itaque
884 3264 950 3307 non
979 3231 1129 3308 discedit

106 3325 146 3390 ab
171 3346 282 3389 eorum
304 3329 484 3412 curatione,
511 3329 629 3413 quibus
652 3333 839 3414 praeposita
862 3331 965 3395 vitam
989 3339 1126 3396 omnen¹

106 3413 201 3477 debet
228 3414 421 3498 gubernare,
448 3419 485 3480 ut
512 3417 625 3480 mirari
652 3418 732 3481 satis
760 3419 898 3482 istorum
928 3420 1127 3485 inconstan‘

102 3501 181 3564 tiam
220 3522 288 3569 non
322 3504 459 3590 possim.
516 3502 713 3570 Naturalem
747 3507 834 3570 enim
871 3507 1126 3591 appetitionem,
