2346 3876
114 170 157 234 52
378 169 670 225 ACADEMICORUM
687 169 856 226 PRIORUM

114 331 211 397 116111
248 331 302 416 qui
338 337 431 397 erant
461 332 599 396 Athenis
630 337 702 396 tum
735 332 896 415 principes
929 330 1123 398 Stoicorum.

113 419 298 505 Numquam
326 443 346 486 6
372 421 508 485 Philone
535 421 696 503 discessit,
723 421 787 484 nisi
807 425 1026 504 posteaquam
1053 422 1124 505 ipse

62 522 94 571 70
114 509 233 594 eoepit,
260 508 316 593 qui
343 531 377 573 se
406 509 566 592 audirent,
594 508 721 574 habore.
766 509 858 574 Unde
882 512 991 573 autem
1015 509 1123 574 subito

113 601 205 663 vetus
237 595 414 662 Academia
445 601 594 661 revocata
625 597 697 661 est?
746 595 896 662 Nominis
928 597 1122 682 dignitatem

113 685 253 770 videtur,
280 707 352 751 cum
381 709 401 749 6
422 707 457 749 16
480 685 553 769 ipsa
579 686 781 769 descisceret,
810 685 948 749 retinere
970 685 1148 769 1611116666

113 774 198 859 quod
230 778 322 839 erant
349 774 405 859 qui
436 774 530 837 illum
562 774 685 858 gloriae
715 795 812 838 causa
842 773 947 838 facere
980 773 1124 838 dicerent

113 865 298 947 sperantem
329 862 399 927 fore
425 865 462 926 ut
488 862 526 943 ii,
558 863 613 946 qui
640 882 674 926 se
702 866 924 946 sequerentur,
954 860 1124 927 Antiochii

112 954 312 1016 vocarentur.
361 949 443 1014 Mihi
471 955 578 1023 antem
605 950 710 1034 magis
732 950 860 1014 videtur
880 971 947 1014 non
976 952 1124 1033 potuisse

113 1039 274 1105 sustinere
297 1060 487 1103 coneursum
511 1039 655 1103 omnium
676 1037 952 1121 philosophorum
988 1038 1122 1102 Etenim

112 1127 151 1192 dc
194 1127 307 1192 ceteris
345 1130 421 1191 sunt
462 1127 548 1190 inter
582 1126 656 1191 illos
692 1148 758 1192 non
796 1126 889 1190 nulla
925 1127 1122 1210 communia3
1135 1155 1160 1194 11

111 1214 192 1279 hacc
223 1213 490 1280 Academicorum
527 1219 577 1278 est
606 1237 671 1279 una
706 1214 879 1296 sententia,
916 1236 1013 1298 quam
1050 1215 1122 1280 roli-

113 1323 257 1404 quorum
280 1301 549 1386 philosophorum
579 1325 675 1369 nemo
702 1302 828 1386 probet
879 1301 993 1386 Itaque
1016 1303 1123 1385 cessit,

112 1391 257 1455 61111
236 1413 272 1474 11,
296 1390 350 1474 qui
377 1390 437 1454 suh
459 1389 563 1455 Novis
587 1391 690 1457 solem
711 1411 778 1456 non
806 1391 928 1474 ferunt,
954 1390 1035 1454 item
1058 1391 1123 1470 ille,

112 1501 184 1544 cum
208 1481 387 1562 aestuaret,
409 1482 567 1563 1616111111,
589 1483 627 1544 ut
649 1478 976 1562 Maenianorum,src
999 1441 1123 1544 Acade}

60 1584 91 1632 71
112 1568 269 1633 micorum
300 1567 449 1632 umbram
481 1531 609 1632 66611166
640 1571 700 1631 est
752 1567 883 1651 Quoque
916 1567 1045 1631 solebat
1073 1569 1158 1636 111111

112 1660 302 1742 argumento
325 1660 508 1734 11111,61111
531 1657 561 1720 ei
586 1655 736 1738 placebat
757 1655 841 1718 nihil
869 1676 966 1737 posse
989 1656 1122 1739 percipi,

112 1767 184 1809 cum
224 1748 406 1845 quaereret,
448 1742 627 1826 Dionysius
667 1744 723 1807 1116
751 1741 935 1807 Heracleat
920 1745 970 1807 tes
1010 1747 1123 1808 utrum

112 1923 274 2005 oportere,
301 1919 437 2002 illudne,
464 1919 549 2003 quod
571 1919 691 1984 multos
715 1941 816 1984 annos
839 1920 997 1984 tenuisset
1020 1920 1121 1985 Zeno·

111 2009 208 2092 nique
234 2008 392 2091 magistro
420 2007 620 2089 credidisset,
647 2009 820 2073 honestum
852 2007 1058 2093 quodenset,
1087 2008 1158 2074 11111

111 2097 232 2160 bonum
260 2096 365 2161 solum
392 2116 475 2180 esse,
508 2118 562 2180 an,
593 2096 678 2181 quod
704 2099 818 2180 postea
852 2095 1122 2180 defensitavisset,

111 2183 241 2248 honesti
263 2184 358 2248 inane
384 2205 504 2249 nomen
526 2206 608 2267 esse,
635 2184 836 2268 voluptatem
866 2206 937 2249 esse
960 2205 1122 2249 summum

112 2272 245 2336 bonum:
265 2271 319 2355 qui
337 2272 480 2336 61111116
500 2276 699 2338 commutata
717 2273 878 2337 sententia
896 2272 1009 2336 docere
1023 2273 1122 2338 vellet

111 2359 195 2424 nihil
218 2360 264 2423 ita
284 2360 407 2444 signari
429 2360 464 2424 in
487 2362 602 2426 animis
624 2363 783 2426 nostrisa
806 2382 881 2425 vero
903 2382 1012 2443 posse,
1036 2361 1121 2446 quod

110 2469 179 2513 non
208 2448 318 2514 codem
354 2449 449 2514 modo
481 2453 591 2534 posset
627 2473 646 2513 a
674 2450 775 2530 ¹falso,
805 2449 833 2512 is
866 2449 1004 2532 curavit,
1036 2449 1121 2533 quod
1134 2472 1157 2513 aa

113 2540 339 2620 argumentum
358 2559 397 2601 61
413 2537 574 2619 Dionysio
593 2538 662 2620 ipse
682 2537 883 2621 sumpsisset,
906 2559 944 2600 61
963 2559 1000 2602 66
1022 2538 1121 2602 661611

112 2630 284 2690 sumerent.
321 2624 383 2689 Sed
406 2647 479 2690 cum
500 2626 564 2690 hoo
586 2627 650 2690 alio
674 2626 743 2690 loco
767 2624 874 2709 plura,
901 2647 986 2689 nunc
1010 2626 1052 2689 ad
1075 2648 1121 2708 66,

112 2735 193 2797 quae
217 2737 236 2777 a
257 2717 304 2796 te,
326 2712 472 2795 Luculle,
495 2713 686 2778 dictasunt.

60 2785 102 2850 23
200 2801 244 2865 Et
266 2802 418 2884 primum,
445 2802 531 2885 quod
557 2801 652 2867 initio
671 2802 804 2884 dixisti,
831 2801 994 2865 videamus
1024 2801 1121 2886 quale

61 2864 93 2912 7²
113 2888 170 2970 sit,
200 2889 349 2952 similiter
380 2913 399 2953 a
430 2889 525 2953 nobis
556 2890 595 2953 de
628 2889 769 2973 antiquis
800 2889 1004 2972 philosophis
1037 2912 1159 2955 com-n

113 2977 295 3058 memorari,
328 2980 422 3060 atque
451 2976 596 3041 seditiosi
626 2976 767 3042 solerent
800 2976 905 3041 claros
934 2978 1035 3061 11166,
1065 2978 1122 3042 sed

113 3071 222 3130 tamen
258 3064 431 3147 populares
468 3065 592 3149 aliquos
628 3067 803 3130 nominare.
865 3063 921 3128 Illi
961 3087 1033 3129 cum
1070 3087 1121 3130 res

112 3174 213 3217 novas
244 3156 403 3233 tractent,
435 3152 557 3217 similes
589 3153 747 3218 bonorum
775 3152 877 3216 rideri
903 3154 1030 3235 volunt;
1060 3176 1121 3219 nos

113 3243 221 3305 autem
240 3259 277 3303 ea
301 3239 435 3304 dicimus
450 3241 546 3306 nohis
563 3241 678 3326 videri,
700 3262 781 3325 quae
799 3244 925 3305 vosmet
946 3242 1011 3325 ipsi
1028 3242 1121 3306 uobi-

112 3327 244 3392 lissimis
267 3327 470 3412 philosophis
496 3329 657 3412 placuisse
680 3329 862 3394 conceditis.
907 3328 1121 3414 Anaxagoras
1134 3352 1161 3397 ss

112 3416 219 3480 nivem
246 3417 375 3502 nigram
407 3416 488 3481 dixit
515 3439 593 3482 esse.
648 3415 760 3481 Ferres
792 3439 855 3501 me,
889 3417 917 3481 si
946 3438 1007 3502 ego
1035 3418 1121 3482 idem

64 3503 272 3648 sm?
316 3504 376 3590 Tu,
399 3526 442 3571 ne
465 3505 494 3570 si
522 3504 701 3571 dubitarem
723 3504 859 3588 quidem.
906 3503 953 3570 At
975 3506 1046 3589 quis
1070 3509 1120 3570 661
