2346 3876
122 186 187 250 130
284 187 332 240 DE
351 187 495 242 FlNlBUS
513 187 693 243 BONORUM
711 188 758 242 ET
777 187 960 244 MALORUM

120 369 169 431 re,
192 371 294 434 neque
312 354 421 414 tamen
444 350 558 414 dividit
575 351 690 415 verbis.
727 347 809 414 Cum
828 351 915 416 enim
935 372 1006 416 eam
1024 352 1132 435 ipsam

121 437 334 522 voluptatem,
362 460 459 522 quam
486 439 598 503 eodem
624 439 753 503 nomine
782 460 893 504 omnes
917 440 1130 524 appellamus,

120 526 230 590 laudat
257 527 337 592 locis
364 527 527 610 plurimis,
554 526 649 592 audet
676 527 780 591 dicere
806 549 847 591 ne
876 528 1034 611 suspicari
1064 529 1131 613 qui-

120 613 193 677 dem
225 636 259 678 se
290 615 393 680 ullum
421 615 543 680 bonum
570 615 747 679 seiunctum
776 615 817 679 ab
849 615 907 681 illo
939 615 1126 700 Aristippeo

120 722 237 785 genere
260 703 451 787 voluptatis,
475 707 570 786 atque
593 703 639 767 ibi
657 703 719 767 hoc
738 703 827 787 dicit,
851 703 908 768 ubi
931 705 1037 769 omnis
1060 706 1149 770 einss

120 793 170 854 est
197 792 299 856 oratio
328 790 367 854 de
395 813 519 855 summo
547 791 643 856 bono.
697 791 736 855 In
768 791 832 856 alio
860 813 937 856 vero
964 792 1121 877 libro,‚in

120 879 183 962 quo
207 878 346 943 breviter
369 879 607 962 comprehensis
626 879 828 963 gravissimis
850 880 1020 945 sententiis
1038 880 1118 965 quasi

120 967 248 1030 oracula
276 967 413 1032 edidisse
442 968 618 1051 sapientiae
641 967 772 1051 dicitur,
801 967 915 1032 scribit
935 967 989 1033 his
1011 969 1117 1051 verbis,

120 1077 201 1138 quae
231 1059 311 1120 nota
341 1055 404 1119 tibi
432 1055 590 1138 profecto,
617 1054 791 1140 Torquate,
818 1059 894 1120 sunt
921 1053 1009 1141 (quis
1040 1057 1114 1122 enin

119 1147 259 1206 vestrum
289 1165 355 1207 non
387 1143 517 1208 edidicit
549 1143 682 1226 Epicuri
713 1146 830 1226 κυρίας
862 1138 977 1229 δόξας,
1011 1145 1046 1210 id
1075 1148 1158 1209 estro

70 1226 73 1234 ’
119 1231 212 1313 qnasi
239 1231 377 1295 maxime
405 1235 508 1314 ratas,
538 1233 612 1315 quia
639 1231 850 1316 gravissimae
877 1233 944 1297 sint
968 1233 1010 1298 ad
1035 1234 1114 1298 beate

118 1319 289 1383 vivendum
316 1319 458 1383 breviter
480 1319 664 1384 enuntiatae
694 1317 920 1405 sententiae?).
972 1319 1113 1385 Animad-

65 1421 98 1468 21
118 1409 206 1470 verte
229 1406 341 1491 igitur,
368 1410 494 1472 rectene
516 1406 600 1472 hanc
624 1409 1046 1493 sententiaminterpretert
1072 1406 1114 1472 ‘si

120 1515 173 1576 ea,
211 1517 307 1579 quae
343 1500 433 1560 sunt
475 1496 690 1561 luxuriosis
731 1495 953 1561 efficientia
994 1499 1114 1580 volup·

118 1585 255 1667 tatum,
278 1583 493 1649 liberarent
516 1606 579 1648 eos
602 1584 756 1648 deorum
780 1593 816 1648 et
841 1585 980 1650 mortis
1004 1590 1041 1649 ot
1061 1586 1113 1649 do·
1125 1597 1163 1645 1⁵

118 1672 217 1735 loris
241 1675 341 1736 metu
365 1672 633 1755 docerentque,
657 1672 723 1755 qui
746 1676 876 1739 essent
895 1672 998 1737 fines
1022 1673 1114 1758 cupi·

118 1759 299 1840 ditatum,
325 1760 425 1824 nihil
453 1760 696 1840 haberemus,
724 1761 818 1841 qrcod
846 1760 1116 1843 reprehendere·

118 1867 206 1925 neers,
236 1869 317 1911 cum
345 1847 512 1932 undique
541 1847 828 1931 complerentur
850 1849 1115 1933 voluptatibus

117 1957 183 1999 nec
205 1935 394 2000 haberent
422 1936 504 2001 ulla
527 1958 569 2001 ex
592 1938 702 2018 parte
725 1936 875 2020 aliquid
899 1941 968 2001 aut
991 1935 1115 2002 dolens'

118 2027 183 2088 aut
206 2034 373 2108 aegrum,
395 2024 432 2088 id
456 2028 515 2089 est
538 2028 663 2088 autem
686 2023 846 2088 malum?
1126 2037 1169 2085 ro

183 2111 254 2176 Hoc
276 2113 347 2176 loco
370 2117 479 2177 tenere
503 2134 536 2177 se
557 2112 700 2176 Triarius
723 2133 790 2177 non
812 2114 929 2196 potuit.
975 2112 1117 2195 Obsecro,

116 2199 234 2282 inquit,
265 2199 440 2283 Torquate,
471 2201 551 2266 haec
583 2199 661 2264 dicit
692 2199 873 2283 Epicurus?
906 2199 1007 2286 (quod
1046 2200 1118 2266 mihi

117 2288 246 2371 quidem
268 2288 355 2352 visus
378 2292 441 2372 est,
465 2311 537 2353 curn
556 2287 666 2368 sciret,
689 2288 772 2353 velle
789 2293 899 2353 tamen
917 2291 1118 2356 confitentem

118 2375 227 2440 audire
255 2374 477 2460 Torquatum).
532 2375 577 2440 At
603 2376 658 2440 ille
689 2398 756 2441 non
785 2377 955 2459 pertimuit
987 2398 1118 2463 saneque

117 2464 264 2528 fidenter:
305 2465 381 2529 Istis
409 2464 537 2548 quidem
565 2463 645 2547 ipsis
673 2465 793 2547 verbis,
819 2465 937 2549 inquit,
965 2465 1022 2530 sed
1049 2465 1169 2552 quid&

118 2553 250 2635 sentiat,
280 2575 346 2617 non
377 2552 502 2617 videtis.
561 2549 596 2616 Si
636 2552 701 2616 alia
732 2553 844 2635 sentit,
879 2554 1024 2639 inquam,
1061 2554 1120 2618 alia

117 2641 273 2724 loquitur,
296 2662 471 2723 numquam
490 2640 690 2724 intellegam,
709 2640 785 2723 quid
804 2643 936 2724 sentiat}
955 2643 1013 2706 sed
1030 2644 1120 2727 plane

118 2729 209 2810 dicit,
240 2729 326 2812 quod
358 2728 526 2812 intellegit.
575 2727 675 2811 quue
703 2731 731 2792 si
763 2729 810 2792 ita
839 2729 930 2812 dicit,
963 2752 1031 2796 non
1056 2750 1122 2795 esse

117 2815 355 2899 reprendendos
379 2815 574 2892 luxuriosos
603 2816 631 2879 si
658 2816 822 2900 sapientes
854 2818 932 2900 sint,
965 2819 1046 2884 dicit
1073 2819 1123 2883 ab·

118 2904 222 2987 surde,
240 2903 391 2968 similiter
409 2907 441 2967 et
460 2904 488 2968 si
507 2903 592 2968 dicat
605 2925 672 2967 non
685 2905 920 2986 reprendendos
938 2907 1123 2989 parricidas,
1133 2925 1169 2970 so

118 2992 146 3056 si
169 3013 228 3056 nec
251 2991 358 3074 cupidi
382 2992 446 3056 sint
469 3013 526 3056 nec
554 2991 631 3056 deos
655 2996 801 3056 metuant
822 3014 880 3058 nec
904 2997 1044 3058 mortem
1066 3015 1123 3060 neo

118 3079 269 3145 dolorem.
327 3078 372 3143 Et
411 3084 519 3144 tamen
551 3079 627 3163 quid
660 3081 779 3144 attinet
814 3082 986 3147 luxuriosis
1023 3083 1124 3148 ullam

118 3168 337 3250 exceptionem
365 3167 434 3232 dari
462 3171 518 3232 aut
545 3167 664 3252 fingere
688 3169 825 3253 aliquos,
856 3170 909 3254 qui
937 3191 1011 3235 cunr
1035 3172 1125 3236 luxu·

116 3256 203 3321 riose
226 3256 385 3340 viverent,
408 3278 426 3319 a
450 3277 574 3320 summo
597 3255 792 3341 philosopho
811 3279 878 3322 non
897 3259 1125 3340 reprenderen-

64 3359 98 3406 22
118 3349 227 3410 turco
246 3345 375 3410 nomine
394 3344 576 3427 dumtaxat,
599 3348 705 3409 cetera
723 3345 894 3410 caverent?
930 3343 993 3410 Sed
1016 3351 1126 3412 tamen
1138 3368 1169 3412 rs

117 3455 222 3498 nonne
245 3432 466 3518 reprenderes,
489 3432 641 3518 Epicure,
665 3433 843 3499 luxuriosos
863 3433 904 3499 ob
923 3455 995 3498 eam
1018 3435 1126 3520 ipsam

105 3543 251 3602 eausam,
279 3519 367 3608 quod
385 3520 434 3586 ita
452 3520 599 3587 viverent
605 3573 613 3607 ‚
632 3525 671 3587 ut
688 3525 955 3606 persequerentur
971 3523 1127 3609 cuiusque
