2346 3876
110 171 153 234 46
376 169 669 226 Atauumlcouum
686 169 853 224 PRIORUM

109 331 191 397 nihil
213 354 346 416 prorsus
364 333 493 398 intersit
516 335 542 415 [,
565 336 598 396 et
620 355 675 398 eos
699 333 828 418 quidem
846 332 1129 417 innumerabilesl,

110 423 251 504 itemque
274 421 429 487 homines.
466 420 591 486 Deinde
613 422 774 504 postulas,
797 425 846 505 ut,
870 422 899 486 si
917 421 1061 486 mundus
1078 423 1127 486 ita

111 509 156 574 sit
176 531 235 593 par
262 510 357 575 alteri
379 509 512 591 mundo,
538 513 576 573 ut
597 510 682 574 inter
710 530 829 574 eosne
857 509 1034 575 minimum
1056 511 1127 594 qui-

111 597 182 662 dem
201 598 338 682 intersit,
361 598 555 663 concedatur
577 598 652 681 tibi,
674 601 712 661 ut
729 597 764 661 in
780 597 844 662 hoc
863 620 992 683 quoque
1010 602 1126 665 nostro

110 687 230 751 mundo
250 687 372 771 aliquid
390 687 487 751 alicui
506 686 552 751 sic
571 685 616 750 sit
632 707 701 770 par,
724 689 762 749 ut
778 686 863 750 nihil
881 687 1024 771 differat,
1041 687 1153 754 nihils

110 776 247 840 intersit
291 773 355 840 Gur
377 774 477 857 enim,
505 774 645 858 inquies,
672 795 746 838 cum
774 795 812 838 ex
839 775 907 840 illis
937 775 1128 860 individuis,

111 864 196 928 unde
232 864 343 928 omnia
368 862 574 928 Democritus
606 862 698 947 gigni
726 862 890 947 adfirmat,
923 864 959 928 in
987 865 1126 948 reliquis

111 951 251 1034 mundis,
278 955 312 1016 et
333 953 368 1015 in
388 952 430 1016 iis
452 951 583 1034 quidem
604 950 913 1035 innumerabilibus,
939 952 1126 1017 innumera·

111 1040 193 1105 biles
219 1039 257 1117 Q
283 1038 406 1104 Lutatii
431 1036 541 1103 Catuli
570 1060 638 1103 non
664 1039 762 1104 modo
793 1040 924 1122 possint
952 1061 1038 1120 esse,
1071 1042 1126 1106 sed

111 1129 211 1193 etiam
243 1129 320 1210 sint,
349 1129 384 1192 in
413 1128 476 1192 hoc
506 1131 599 1192 tanto
631 1127 751 1193 mundo
780 1125 916 1193 Catulus
946 1129 1034 1194 alter
1060 1152 1125 1195 non
1138 1157 1164 1197 ro

58 1277 101 1404 sd
61 1178 483 1388 lpossli'iidiiirii?quidem
514 1325 566 1368 me
598 1305 641 1368 ad
671 1303 893 1370 Democritum
925 1327 1043 1389 vocas3
1075 1307 1126 1371 cui

112 1415 178 1458 non
209 1392 373 1457 adsentior
401 1392 574 1476 potiusque
605 1395 626 1472 †
653 1392 787 1457 refellor
815 1397 927 1477 potest
958 1394 1005 1478 id,
1040 1395 1125 1479 quod

113 1481 249 1546 dilucide
282 1480 413 1546 docetur
445 1502 465 1544 a
495 1480 703 1564 politioribus
731 1481 891 1565 physicis,
920 1445 1125 1568 singirlarum

111 1592 219 1635 rerum
242 1570 387 1654 singulas
406 1570 623 1653 proprietates
646 1591 725 1634 esse.
767 1569 834 1635 Fac
857 1570 945 1634 enim
969 1572 1124 1656 antiquos
1138 1597 1163 1640 rs

111 1660 186 1725 illos
204 1656 372 1741 Servilios,
394 1659 449 1742 qui
467 1656 588 1743 gemini
611 1657 754 1741 fuerunt,
775 1662 845 1722 tam
864 1659 1004 1742 similes,
1028 1683 1125 1746 quarn

112 1748 273 1830 dicuntur,
309 1769 387 1811 num
423 1767 534 1810 censes
569 1746 669 1810 etiam
700 1747 830 1811 eosdem
869 1747 995 1812 fuisse?
1050 1747 1125 1814 Non

112 1834 390 1920 cognoscebantur
411 1833 500 1899 foris.
544 1833 591 1898 At
613 1834 709 1899 domi.
745 1834 822 1900 Non
845 1836 887 1900 ab
909 1836 1038 1902 alienis.
1079 1835 1125 1901 At

112 1947 133 1988 a
159 1925 234 1987 suis
281 1923 335 1986 An
362 1943 430 1987 non
456 1922 601 1987 videmus
627 1923 690 1988 hoc
716 1945 778 1987 usu
803 1924 926 2006 venire,
958 1928 1010 2010 ut,
1043 1947 1124 2010 quos

111 2032 288 2096 numquam
314 2015 519 2095 putassemus
547 2033 568 2075 a
592 2012 689 2077 nobis
720 2012 897 2076 internosci
923 2034 1036 2098 posse,
1068 2035 1161 2079 eosso

112 2099 341 2164 consuetudine
368 2099 513 2163 adhibita
534 2102 604 2164 tam
626 2099 722 2164 facile
744 2100 1050 2186 internosceremus,
1074 2103 1124 2166 uti

59 2212 93 2260 ur
112 2210 153 2253 ne
179 2187 350 2253 minimum
381 2188 510 2272 quidem
542 2188 665 2253 similes
697 2210 766 2253 esse
797 2188 1008 2254 viderentur?
1061 2190 1124 2254 Hic

111 2296 237 2361 pugnes
263 2276 353 2359 licet3
379 2297 446 2341 non
472 2278 675 2361 repugnab03
708 2278 786 2361 quin
815 2276 914 2341 etiam
945 2279 1123 2344 concedam

111 2364 239 2429 illum
228 2387 336 2449 ipsum
360 2364 551 2449 sapientem,
578 2364 703 2450 dequo
727 2365 834 2430 omnis
856 2365 910 2429 hic
933 2386 1042 2432 sermo
1065 2371 1123 2448 est,

112 2476 186 2519 cum
208 2453 238 2517 ei
259 2474 311 2518 res
334 2453 456 2518 similes
480 2457 664 2536 occurrant,
689 2475 771 2537 quas
792 2475 860 2518 non
888 2453 1010 2519 habeat
1033 2457 1122 2521 dino·
1134 2479 1159 2521 as

112 2547 214 2626 tatas,
248 2545 449 2607 retenturum
478 2542 650 2606 adsensum
681 2563 740 2606 nec
771 2564 926 2627 umquam
957 2544 1021 2608 ulli
1052 2545 1121 2609 uiso

113 2631 336 2714 adsensurum,
362 2631 427 2695 nisi
449 2631 535 2715 quod
557 2630 623 2704 tale
646 2629 757 2714 fuerit,
783 2631 878 2715 quale
907 2630 1031 2697 falsum
1054 2653 1122 2698 esse

112 2741 179 2785 non
208 2721 321 2803 possit
370 2717 433 2784 Sed
463 2724 497 2784 et
523 2719 564 2783 ad
591 2722 714 2783 ceteras
743 2740 795 2782 res
825 2717 927 2783 habet
958 2723 1122 2804 quandam

114 2812 231 2890 artem,
261 2830 326 2891 qua
351 2828 429 2872 vera
459 2830 480 2871 a
510 2806 604 2872 falsis
635 2807 741 2891 possit
771 2806 986 2892 distinguere,
1019 2816 1053 2875 et
1084 2811 1122 2875 ad

114 2895 339 2960 similitudines
370 2895 449 2960 istas
480 2918 560 2961 usus
593 2896 795 2960 adhibendus
826 2901 886 2961 est
939 2895 987 2962 Ut
1018 2902 1156 2964 macera

115 2983 262 3067 genunos
292 2984 483 3049 internoscit
518 2984 749 3050 consuetudine
786 2983 970 3068 oculorum,
1003 2987 1052 3051 sic
1086 2990 1121 3050 tu

115 3071 326 3154 internosces
354 3073 383 3136 si
410 3072 602 3138 adsueveris
651 3072 806 3154 Videsne,
832 3073 926 3137 utin
948 3075 1121 3176 proverbio

115 3159 160 3223 sit
185 3180 318 3225 ovorum
343 3160 428 3225 inter
454 3183 488 3225 se
515 3161 719 3227 similitudo?
769 3160 892 3225 Tamen
912 3160 977 3227 hoc
999 3163 1144 3247 accepi

114 3268 201 3330 mus,
234 3246 308 3311 Deli
343 3248 444 3313 fuisse
475 3250 658 3334 complures
691 3249 791 3314 salvis
821 3249 919 3313 rebus
955 3250 1037 3336 illis,
1069 3251 1121 3337 qni

115 3298 253 3420 gallinas
280 3337 366 3401 alere
391 3339 568 3421 permultas
600 3342 753 3423 quaestus
780 3359 879 3403 causa
909 3338 1067 3424 solerent,
1098 3338 1154 3402 iis

115 3444 188 3490 cum
222 3446 319 3489 osum
349 3426 570 3510 inspexerant,
601 3448 682 3511 quae
714 3426 748 3490 id
779 3426 904 3511 gallina
936 3428 1121 3513 peperisset,

47 3527 87 3573 ss
104 3510 212 3576 dicere
243 3514 405 3581 solebant
463 3513 580 3602 Neque
613 3514 651 3580 id
684 3520 737 3580 est
764 3519 881 3579 contu
908 3536 978 3581 nos
1036 3516 1121 3582 Nam
