2356 3870
181 130 322 234 mss.11L-
345 177 563 234 CAP.18-20.
592 185 747 244 §ur-oo.
907 178 969 242 195

40 357 63 400 re
79 343 165 415 sunt,
184 342 219 402 at
236 340 304 423 illa,
323 363 405 423 quae
424 340 459 404 in
477 341 599 405 concha
616 340 730 423 patula
749 341 827 424 pina
844 341 970 424 dicitur,

40 445 69 508 a,
99 427 153 509 qui
182 431 258 491 enat
285 450 302 491 e
332 429 468 511 concha,
499 429 567 512 qui,
598 429 684 512 quod
716 450 787 492 eam
820 430 969 512 custodit,
1000 508 1010 521 .

40 515 124 578 »teres
151 517 286 579 vocatur
312 516 347 579 in
375 517 571 601 eandemque
599 538 671 580 cum
700 537 734 579 se
762 518 896 598 recepit,
923 517 970 579 in-

39 600 111 687 itur,
146 606 184 666 ut
209 603 357 667 videatur
384 605 562 686 monuisse,
590 607 626 667 ut
659 607 799 686 caveret,
830 604 971 686 itemque

40 689 129 773 ricae,
148 711 242 773 apes,
260 691 402 756 ciconiae
421 692 560 756 aliorum
579 692 679 756 etiam
696 713 794 756 causa
815 692 971 773 quaedam

40 782 92 842 int.
132 777 237 842 Multo
260 778 341 843 haec
365 779 563 843 coniunctius
586 779 743 844 homines.
778 778 892 863 Itaque
914 801 970 842 na·

61 887 170 930 sumus
195 866 264 949 apti
292 866 332 929 ad
355 871 479 950 coetus,
503 867 651 949 concilia,
675 867 833 932 civitates.
877 867 968 931 Mun·
988 888 1022 936 64

40 956 164 1017 autern
183 957 316 1018 censent
332 955 403 1038 regi
418 955 557 1034 numine
575 955 721 1038 deorum,
745 976 880 1039 eumque
899 976 969 1019 esse

40 1040 55 1103 ri
85 1062 288 1105 communem
321 1042 434 1105 urbem
466 1046 499 1105 et
535 1042 702 1106 civitatem
732 1043 901 1107 hominum
937 1047 970 1106 et

40 1149 105 1211 um,
133 1132 166 1192 et
194 1151 294 1193 unum
322 1151 479 1213 quemque
501 1133 650 1194 nostrum
673 1131 741 1194 eius
764 1131 876 1195 mundi
900 1151 969 1194 esse

40 1237 100 1299 em3
124 1237 164 1279 ex
187 1237 249 1299 quo
272 1216 354 1281 illud
375 1221 493 1281 natura
516 1219 681 1302 consequi,
708 1223 745 1282 ut
768 1241 969 1284 communem

40 1306 137 1367 tatem
151 1308 282 1368 nostrae
296 1308 541 1388 anteponamus.
563 1305 610 1370 Ut
623 1308 707 1373 eninr
722 1308 810 1390 leges
825 1308 968 1372 omnium

40 1394 97 1454 tem
126 1391 328 1477 singulorum
356 1393 456 1456 saluti
484 1397 698 1476 anteponunt,
725 1396 771 1458 sio
793 1396 843 1458 vir
865 1395 969 1459 bonus

40 1479 158 1562 rapiens
196 1483 229 1542 et
259 1480 387 1564 legibus
418 1502 536 1563 parens
570 1484 602 1544 et
638 1481 742 1552 civilis
774 1481 872 1547 officii
903 1485 993 1546 non*

40 1588 93 1630 rus
126 1565 263 1631 utilitati
294 1569 438 1632 omnium
471 1570 544 1651 plus
577 1591 674 1653 quam
706 1569 800 1632 unius
834 1570 968 1633 alieuius

43 1676 117 1718 suae
140 1656 289 1720 consulit.
337 1655 406 1721 Nec
436 1657 541 1740 magis
571 1660 621 1720 est
642 1656 873 1739 vituperandus
896 1678 968 1739 pro·

40 1764 48 1804 r
78 1743 204 1826 patriae
236 1739 332 1826 quam
365 1745 543 1808 eommunis
580 1745 732 1809 utilitatis
766 1747 822 1808 aut
854 1744 968 1808 salutis

40 1832 105 1895 rtor
136 1834 270 1913 propter
302 1853 394 1895 suam
425 1832 604 1896 utilitatem
636 1836 693 1896 aut
721 1833 866 1896 salutem.
918 1832 969 1895 Ex

48 1918 96 2000 fit,
119 1921 157 1982 ut
179 1918 357 1983 laudandus
380 1920 409 1982 is
434 1920 489 2001 sit,
513 1920 569 2003 qui
592 1923 729 1984 mortem
754 1924 888 2003 oppetat
909 1942 968 2003 pro

40 2006 162 2087 ablica,
191 2005 276 2089 quod
303 2007 415 2071 deceat
438 2008 594 2071 cariorem
617 2008 711 2072 nobis
738 2030 806 2072 esse
828 2009 968 2091 patriam

40 2097 208 2158 nnosmet
230 2093 327 2176 ipsos.
374 2094 596 2177 Quoniamque
623 2095 681 2159 illa
704 2118 767 2160 vox
791 2095 969 2160 inhumana

40 2182 177 2245 celerata
204 2179 331 2245 ducitur
360 2203 484 2265 eorum,
512 2184 567 2266 qui
593 2188 715 2267 negant
747 2205 781 2247 se
812 2205 969 2266 recusare,

48 2269 155 2332 minus
178 2269 259 2351 ipsis
278 2271 414 2333 mortuis
433 2273 592 2333 terrarum
612 2271 756 2335 omnium
779 2271 967 2355 deflagratio

41 2360 175 2439 equatur
198 2353 297 2440 (quod
321 2357 449 2441 vulgari
473 2359 611 2441 quodam
635 2381 730 2423 versu
744 2357 872 2423 'Graeco
895 2381 967 2442 pro-

40 2444 103 2508 iari
132 2441 243 2528 solet),
275 2447 360 2509 certe
387 2466 498 2508 rerum
530 2449 580 2509 est
611 2447 709 2510 etiam
740 2446 794 2527 iis,
826 2447 882 2528 qui
910 2447 968 2509 ali-

40 2531 89 2596 rdo
117 2532 219 2595 futuri
246 2532 324 2614 sint,
352 2553 421 2596 esse
449 2537 581 2616 propter
608 2534 695 2616 ipsos
728 2533 966 2598 consulendum.

47 2618 108 2683 hac
148 2620 329 2684 animorum
366 2620 532 2684 affectione
577 2625 772 2686 testamenta
808 2643 966 2685 commen-

40 2728 168 2789 »nosque
195 2707 403 2771 morientium
430 2712 526 2771 natae
555 2713 637 2773 sunt.
688 2708 841 2793 Quodque
871 2731 966 2774 nemo

40 2816 139 2858 imma
157 2794 332 2859 solitudine
355 2796 457 2859 vitam
477 2817 572 2880 agere
590 2798 669 2861 velit
686 2819 726 2861 ne
745 2819 816 2862 cum
839 2798 967 2863 infinita

40 2903 86 2947 am
111 2883 314 2966 voluptatum
339 2882 549 2965 abundantia,
571 2884 667 2948 facile
688 2885 889 2970 intellegitur
905 2909 966 2951 nos

39 2970 281 3035 coiunctionem
308 2971 652 3056 congregationemque
678 2972 847 3038 hominum
871 2979 903 3038 et
926 2975 966 3038 ad

40 3059 141 3123 ralem
183 3059 446 3123 communitatem
489 3080 558 3122 esse
598 3063 703 3125 natos.
765 3061 966 3145 Impellimur

40 3169 67 3211 m
89 3149 221 3228 natura,
244 3151 280 3210 ut
302 3145 455 3229 prodesse
479 3146 616 3211 velimus
641 3170 737 3231 quam
760 3150 908 3232 plurimis
931 3151 966 3212 in

40 3235 134 3319 isque
158 3233 300 3298 docendo
323 3233 564 3318 rationibusque
583 3235 773 3318 prudentiae
792 3238 964 3302 tradendis.

40 3343 69 3387 re
96 3343 163 3386 non
190 3321 286 3385 facile
314 3326 363 3385 est
389 3322 547 3406 invenire,
576 3324 644 3407 qui,
673 3325 758 3407 quod
782 3326 864 3390 sciat
885 3326 964 3407 ipse,
983 3344 1015 3392 66

46 3409 159 3475 tradat
186 3409 293 3492 alteri3
321 3410 369 3472 ita
395 3431 461 3474 non
484 3410 590 3475 solum
613 3411 652 3476 ad
682 3412 864 3477 discendum
891 3434 962 3495 pro·

40 3498 48 3563 l
77 3519 202 3580 sumus,
230 3519 340 3561 verum
369 3497 468 3561 etiam
496 3497 537 3561 ad
566 3499 752 3563 docendum.
797 3500 904 3584 Atque
927 3504 964 3564 ut

697 3600 751 3654 13*
