2356 3870
121 182 184 246 132
282 183 331 238 DE
349 182 494 238 FINIBUS
512 181 692 238 BONORUM
710 183 757 237 ΕΤ
776 182 960 238 MALORUM
1015 183 1019 188 ’

119 345 248 410 bonurn.
292 342 361 409 Nec
384 345 452 428 ille,
480 346 534 428 qui
557 344 736 430 Diogenem
762 343 908 410 Stoicum
931 343 1134 428 adulescens

118 437 194 516 post
226 437 335 498 autem
365 433 556 498 Panaetium
588 433 747 516 andierat,
779 432 923 517 Laelius,
955 455 994 498 eo
1026 433 1128 499 dietus

120 524 170 585 est
192 521 336 606 sapiens,
366 522 451 604 quod
474 543 540 586 non
562 521 778 606 intellegeret,
801 520 877 605 qnid
901 523 1127 594 suavissimum

119 613 205 673 esset
232 607 305 694 (nec
333 608 417 673 enim
446 610 601 693 sequitur,
628 613 677 692 ut,
706 610 756 674 cui
783 631 838 674 cor
865 611 985 695 sapiat,
1010 611 1040 675 ei
1066 632 1126 676 non

119 698 227 781 sapiat
248 694 406 781 palatus),
430 697 485 761 sed
508 698 584 780 quia
606 699 699 780 parvi
721 698 754 761 id
777 697 915 763 duceret.
1146 722 1157 762 5

163 818 384 904 Olapathe‚
411 823 454 884 ut
475 820 637 904 iactare,
664 842 732 885 nec
762 842 800 885 es
816 821 922 954 'satius
946 823 1126 905 cognitus

163 995 207 1060 In
230 1018 301 1080 quo
324 995 480 1083 Laelius
504 997 692 1061 clamores
716 931 825 1079 sodi}
843 931 915 1061 islllse¹
935 996 1091 1062 solebat

163 1084 285 1148 Edere
309 1084 548 1168 compellans
571 1086 719 1168 gumias
743 1107 786 1148 ex
809 1085 942 1149 ordine
962 1089 1127 1151 nostros.

118 1220 286 1290 Praeclare
308 1223 451 1324 Laelius,
474 1229 507 1289 et
529 1228 614 1290 recte
638 1220 755 1307 σοφός,
778 1224 920 1309 illudque
943 1247 1032 1290 vere:
1140 1253 1163 1290 n

187 1346 213 1411 Ο
236 1347 364 1431 Publi,
388 1370 407 1412 o
431 1368 587 1433 gurges,
610 1346 778 1413 Galloni!
802 1370 840 1412 es
863 1347 975 1415 homo
998 1351 1129 1433 miser,

481 1448 485 1463 ²
780 1469 783 1473 ·
831 1437 969 1521 inquit.

187 1521 344 1589 Cenasti
367 1525 408 1588 in
431 1524 513 1589 vite
535 1547 737 1609 numquam
760 1525 867 1606 bene,
897 1546 977 1588 cunr
995 1524 1129 1590 ‘omnia

830 1612 969 1676 inista

187 1698 388 1766 Consumis
433 1699 580 1785 squilla
621 1704 735 1784 atque
776 1721 1006 1783 acupensere
1049 1724 1164 1767 cumn

339 1819 340 1824 κ
763 1787 969 1853 decimano.

119 1928 152 1994 Is
174 1928 255 1994 haec
276 1929 434 2014 loquitur,
457 1930 513 2014 qui
536 1930 570 1994 in
594 1929 757 2012 voluptate
780 1929 864 1992 nihil
885 1950 1008 2012 ponens
1031 1933 1130 2014 negat

121 2039 194 2082 eum
221 2017 302 2081 bene
330 2038 458 2101 cenare,
485 2018 540 2101 qui
568 2017 676 2082 omnia
702 2021 804 2101 ponat
831 2017 865 2081 in
891 2018 1072 2101 voluptate,
1098 2021 1129 2081 et

119 2108 229 2168 temen
251 2125 313 2170 non
335 2109 435 2188 negat
462 2105 600 2170 libenter
619 2127 771 2189 nmquam
794 2110 924 2170 cenasse
944 2104 1128 2170 Gallonium

121 2189 328 2278 (mentiretur
351 2191 465 2277 enim),
493 2194 549 2258 sed
577 2194 666 2257 bene.
700 2192 767 2257 'Ita
794 2194 938 2278 graviter
963 2197 996 2257 et
1019 2215 1171 2259 sererero

88 2283 93 2290 '
119 2279 320 2364 voluptatem
348 2282 533 2346 secernite
557 2282 654 2346 bono.
702 2280 753 2345 Ex
781 2302 844 2365 quo
872 2281 951 2346 illud
982 2281 1127 2365 efficitur,

120 2368 175 2452 qui
201 2368 281 2434 bene
306 2369 562 2454 cenent,·omnis
586 2370 724 2434 libenter
747 2390 874 2454 cenare,
903 2369 957 2453 qui
980 2370 1126 2451 libenter,

67 2477 100 2526 25
119 2478 184 2522 non
203 2458 355 2523 continuo
373 2459 463 2524 bene.
499 2456 632 2545 Semper
649 2456 777 2522 Laelius
796 2457 887 2522 bene.
922 2456 1006 2533 Quid
1026 2457 1126 2523 bene?

120 2543 214 2610 Dicet
236 2545 403 2612 Lucilius?

684 2673 808 2752 cocto,
1134 2690 1171 2735 rs

208 2773 388 2858 Condito,

119 2878 177 2942 sed
200 2879 277 2944 cedo
301 2884 401 2963 caput
421 2901 531 2944 cenae:

375 3007 548 3050 sermone
574 2986 686 3071 bono,

119 3089 196 3174 quid
219 3112 257 3156 ex
280 3091 342 3157 eo?

699 3198 733 3263 si
754 3199 923 3282 quaeris,
945 3197 1170 3280 libenter;so

119 3339 271 3404 veniebat
284 3368 287 3373 ’
302 3339 387 3403 enim
420 3339 461 3404 ad
492 3360 619 3423 cenam,
650 3343 688 3403 ut
720 3339 827 3405 animo
854 3338 962 3425 quieto
994 3340 1129 3404 satiaret
1148 3379 1163 3394 ·

119 3426 277 3493 desideria
298 3432 443 3494 naturae.
478 3425 578 3492 Recte
598 3448 674 3513 ergo
697 3428 725 3491 is
748 3430 848 3511 negat
870 3448 1024 3512 umquam
1047 3428 1127 3492 bene

119 3536 250 3580 cenasse
282 3515 482 3598 Gallonium,
512 3520 600 3581 recte
632 3515 797 3598 miserum,
828 3537 901 3580 curn
936 3516 1127 3598 praesertim
