2356 3870
52 161 119 228 354
251 162 549 222 TUSCULANARUM
566 161 867 218 DISPUTATIONUM

52 325 183 390 dixerit:
216 325 310 390 ‘llice
337 328 369 389 te
396 346 412 390 e
442 326 531 410 navi3
564 329 695 410 praesto
728 327 790 406 est,
824 325 881 409 qui
914 325 1060 409 excipiat,

51 414 103 478 vel
132 413 314 497 delphinus,
341 414 379 477 ιι
404 413 561 478 Arionem
592 413 874 497 Methymnaeum,
906 413 960 477 vel
992 414 1060 496 equi

51 500 182 584 Pelopis
205 502 255 565 illi
276 501 448 585 Neptunii,
474 501 531 584 qui
559 500 641 584 ‘per
668 501 789 566 undas
820 522 960 565 currus
984 522 1059 565 sus·

51 610 191 671 pensos
222 587 416 672 rapuisse'
457 590 619 673 dicuntur,
651 589 813 671 excipient
847 593 882 653 te
919 591 964 673 et,
1001 608 1057 672 quo

52 677 143 761 velis,
155 675 340 760 perferent’,
357 698 485 741 omnem
500 678 630 743 omittat
643 677 672 741 is
686 677 846 761 timorem,
865 677 913 741 sic
926 697 1077 760 urguens

51 765 140 828 tibus
169 765 291 848 asperis
319 769 352 828 et
380 765 501 830 odiosis
529 764 710 848 doloribus,
742 765 771 828 si
803 765 890 828 tanti
920 765 1001 847 sint,
1027 766 1058 827 ιι

51 852 176 916 ferendi
207 874 273 918 non
304 852 382 936 sint,
421 874 484 936 quo
518 853 562 916 sit
597 852 860 937 confugiendum,
896 854 935 917 ιι
966 851 1057 916 vides

118 940 208 1005 Haec
235 940 302 1004 fere
324 940 387 1005 hoo
409 943 554 1024 tempore
577 941 690 1024 putavi
713 961 783 1004 esse
806 940 953 1005 dicenda
1002 937 1057 1005 Sed

51 1032 89 1092 tu
110 1028 249 1093 fortasse
271 1030 307 1091 in
329 1028 490 1092 sententia
512 1049 690 1111 permanes.

117 1117 157 1180 A.
179 1115 314 1178 Minime
333 1137 422 1198 vero,
440 1137 555 1198 meque
574 1116 673 1180 biduo
692 1116 828 1181 duarum
845 1137 966 1200 rerum,
984 1135 1086 1199 quasa

52 1204 191 1267 maxime
213 1203 385 1286 timebam,
408 1225 503 1286 spero
526 1204 700 1269 liberatum
722 1207 820 1268 metu.

117 1297 162 1354 M.
187 1288 265 1354 Cras
294 1311 371 1375 ergo
399 1293 440 1356 ad
467 1291 682 1375 clepsydram3
715 1293 761 1356 sic
793 1292 882 1356 enim
914 1290 1056 1374 diximus,

52 1381 85 1442 et
106 1378 168 1442 tibi
191 1379 253 1443 hoc
275 1379 368 1443 video
391 1400 457 1444 non
480 1401 574 1463 posse
596 1379 713 1444 deberi.

118 1468 160 1531 A.
186 1465 238 1530 Ita
264 1488 412 1550 prorsus,
445 1470 477 1530 et
507 1467 588 1530 illud
620 1466 750 1551 quidem
779 1470 854 1531 ante
887 1467 1056 1547 meridiem,

51 1555 113 1620 hoc
137 1555 249 1621 eodem
270 1557 425 1637 tempore.
1064 1575 1084 1618 c

117 1649 163 1708 M.
178 1640 231 1707 Sic
244 1641 399 1729 faciemus
413 1641 541 1726 tuisque
556 1644 697 1727 optumis
712 1642 829 1708 studiis
840 1643 1054 1726 obsequemur.

447 1837 660 1848 -——·...-.

297 2013 346 2086 ιι.
376 2013 537 2087 ronan
564 2012 812 2088 ciceronis

119 2145 543 2247 TUSCULANARUM
573 2156 999 2246 nlsromulonun
1092 2204 1095 2293 ὲ

443 2307 493 2360 AD
511 2305 667 2361 BRUTUM

389 2437 511 2496 LIBER
538 2434 709 2496 TERTIUS

231 2555 292 2621 DE
315 2552 619 2620 AEGRITUDINE
642 2553 884 2622 LENIENDA.

388 2821 721 2884 ARGUMENTUM.

120 2941 298 2998 Prooemium
320 2939 403 3002 huius
419 2938 519 3022 libri
510 2957 541 2993 m
557 2938 689 3019 laudibus
706 2894 906 3008 philosophiae
924 2938 1047 3003 ιιιιιιιι,

51 3029 123 3082 quae
142 3030 206 3068 cum
224 3010 363 3066 medicina
381 3009 468 3065 animi
481 3008 518 3063 sit
532 3025 620 3077 eaque
636 3008 666 3062 in
683 3009 826 3091 potestate
843 3011 951 3079 nostra,
970 3005 1048 3091 qucri-

49 3087 97 3139 ιιι
118 3084 239 3138 multum
266 3084 296 3136 et
317 3081 431 3136 honoris
453 3079 553 3134 haberi
575 3082 604 3134 et
627 3078 763 3148 temporis
788 3078 878 3134 tribui
903 3052 1048 3135 medicinas
1090 3126 1095 3141 ,

50 3155 188 3224 eorporis,
206 3153 287 3208 illam
305 3153 400 3206 ιιιιιι
418 3149 560 3205 contemni
577 3152 607 3205 et
623 3149 738 3219 neglegi
755 3150 829 3219 (cap.
849 3152 949 3233 1-3).
975 3147 1048 3204 Dein-

51 3242 117 3296 ceps
134 3225 165 3280 id
181 3197 290 3295 egitur,
312 3223 345 3276 ιι
366 3219 571 3290 aegritudinem
588 3237 645 3276 non
663 3220 796 3275 cadere'
787 3238 818 3274 in
835 3219 993 3302 sapientem
1008 3218 1049 3272 do·

49 3297 229 3352 monstretur.
265 3265 485 3374 Praemitluntur
503 3292 669 3374 argumenta
685 3289 794 3346 leviora
813 3292 843 3346 et
859 3307 879 3346 ι
895 3291 990 3346 verbis
1004 3288 1049 3344 Im

50 3367 174 3424 tinorum
192 3365 289 3432 ducta,
309 3362 358 3431 qui
375 3377 487 3416 omnem
504 3361 592 3417 animi
609 3361 797 3417 adfectionem
819 3360 938 3417 rationis
955 3358 1050 3416 lumine

51 3439 193 3494 carentem
215 3433 366 3502 insaniam,
385 3431 550 3501 amentiam,
574 3431 784 3488 dementiamu
802 3431 986 3515 pellenttq
935 3449 954 3488 a
953 3433 1051 3501 tquea

51 3508 177 3580 sapiente
195 3505 360 3563 removeant
378 3506 449 3575 (cap.
467 3509 497 3574 4,
517 3506 553 3574 ι)
595 3503 752 3573 Sequuntur
766 3448 875 3558 demde
894 3501 1051 3575 argumenta
