2346 3876
304 381 352 451 M.
382 379 543 451 TULLII
570 377 850 451 CICERONIS·

119 532 540 657 ruscuulunaun
574 513 996 631 ursrurrrrercn

422 689 472 744 AD
490 689 527 743 Μ.
546 688 700 743 BRUTUM

395 837 516 897 LIBER
538 837 724 907 QUARTUS

100 955 160 1021 Du
182 954 387 1031 RELIQUIS
410 953 541 1019 ANIMI
565 952 1010 1023 PERTURBATIONIBUS.
1080 1000 1084 1007 -

393 1186 754 1283 Ancunnnnuu(

128 1339 224 1394 Cicero
248 1339 282 1394 de
304 1353 402 1392 severa
424 1339 500 1393 vitae
525 1338 673 1407 disciplina
696 1338 772 1406 apud
794 1339 904 1407 priscos
927 1341 1050 1395 Romanor

56 1411 161 1466 usitata
174 1409 318 1479 praefatus
332 1409 467 1464 auditoris
479 1409 647 1463 sententiam
656 1409 785 1464 refellere
800 1409 966 1481 adgreditur
980 1407 1051 1464 ‘ouri

77 1480 266 1535 ertnrbatione
284 1495 366 1548 posse
385 1478 541 1548 sapientem
558 1479 676 1533 vacare’
699 1479 837 1548 negantis.
875 1478 998 1535 Primum
1012 1476 1051 1534 ad·

56 1500 113 1606 Fert
126 1549 344 1621 perturbationis
358 1549 549 1604 definitionem
560 1550 683 1604 Stoicam
693 1551 722 1603 et
736 1551 872 1616 quattuor
882 1551 943 1605 eius
956 1565 1050 1621 genera

56 1622 298 1677 Perturbationem
317 1621 403 1687 Zeno,
430 1619 748 1690 Stoicorumprinceps,
772 1620 884 1675 dixerat
906 1634 1053 1676 armsama

56 1695 134 1748 recta
164 1693 272 1746 rabone
305 1692 475 1758 naturaeque
507 1691 690 1760 incongruam
720 1688 808 1744 animi
841 1692 1051 1747 commotiomm.

57 1764 155 1819 Partes
170 1765 265 1817 autem
283 1760 525 1832 perturbationum
544 1762 615 1816 duae
629 1778 664 1815 er
680 1760 760 1815 bonis
774 1760 899 1831 opinatis
911 1777 1053 1816 memoran-

56 1836 116 1899 tur,
139 1833 249 1887 laetitia
269 1835 297 1885 et
315 1830 416 1899 libido,
440 1831 511 1885 duae
531 1848 565 1884 ex
582 1832 720 1886 malorum
739 1847 846 1898 errore,
873 1831 1016 1903 aegritudo
1031 1831 1055 1883 et

57 1905 161 1971 metus,
179 1903 269 1970 iisqne
284 1901 401 1971 singulis
418 1901 676 1970 perturbationibus
695 1915 760 1955 suae
779 1903 876 1970 partes
895 1901 1055 1958 subiciuntur

58 1991 118 2042 cap.
133 1980 220 2026 4—9.
248 1972 370 2039 Deinde,-
384 1988 439 2040 quo
451 1973 536 2026 modo
550 1972 613 2041 ipsa
629 1971 803 2041 perturbatio
821 1972 859 2026 ab
873 1971 1055 2042 aegrotatione

58 2060 117 2123 seu,
130 2043 233 2123 morbo,
250 2041 373 2109 differat,
396 2045 425 2096 et
443 2060 519 2124 ,qnae
542 2043 579 2098 sit
601 2043 630 2097 in
652 2043 707 2096 hoc
729 2058 832 2112 genere
852 2042 942 2099 animi
962 2046 990 2098 et
1006 2058 1056 2122 eor·

56 2112 1056 2263 tarnatensis?diuiseratinterserere.

56 2253 200 2306 bationem
228 2270 290 2306 cum
318 2252 457 2322 sapientia
483 2252 635 2307 consistere
662 2269 717 2306 non
739 2268 834 2321 posse,
863 2253 952 2324 longa
974 2255 1057 2307 autem

58 2322 211 2392 disputatio
231 2325 328 2379 contra
345 2323 561 2393 Peripateticos,
585 2323 633 2392 qni
650 2322 877 2393 perturbationes
894 2321 1057 2378 necessariae

57 2410 130 2460 esse,
148 2395 291 2451 naturales
309 2394 448 2462 utilesque
467 2394 655 2461 contendunt,—
670 2410 721 2448 nec
738 2393 881 2449 tollendae
899 2393 1018 2463 sapienti
1033 2392 1059 2445 et

56 2464 263 2534 exstirpandas,
292 2465 342 2518 sed
369 2464 536 2520 coercendas
564 2467 593 2518 et
619 2463 805 2519 moderandas
832 2465 965 2519 statuunt
995 2467 1057 2532 (cap.

58 2538 189 2604 lb-ae).
226 2536 306 2589 Hanc
325 2534 427 2604 excipit
445 2533 583 2604 expositio
603 2534 637 2587 de
655 2531 899 2604 perturbationum
913 2534 1058 2596 curatione,

57 2621 145 2673 caque
164 2604 274 2659 diversa
292 2621 343 2675 pro
362 2603 473 2659 diversa
488 2604 731 2686 perturbationum
748 2605 859 2658 natura.
886 2604 921 2658 ln
936 2605 1059 2673 quattuor

55 2677 150 2728 antem
173 2675 430 2744 perturbationibus
452 2675 509 2728 ilhe
534 2675 664 2731 sedandis
691 2675 736 2728 est
757 2689 791 2727 ea
819 2673 958 2729 dieffinctn
980 2672 1059 2729 rade.-

56 2743 181 2798 Primum
198 2748 293 2811 utrum
310 2746 347 2799 ad
365 2745 523 2799 nniversam
541 2744 793 2816 perturbationem,
811 2745 959 2812 amquam
1042 2741 1060 2780 '-

56 2813 195 2882 tudinem‚
217 2815 370 2882 laetitiam,
393 2833 429 2869 an
452 2816 488 2869 ad
510 2816 649 2885 singulas,
671 2815 701 2869 id
724 2816 768 2868 est
788 2813 895 2869 formae
918 2813 1060 2886 generice

56 2882 211 2949 subiectas,
239 2884 418 2952 adhibeatur,
445 2885 546 2939 deinde
573 2887 667 2939 utrum
693 2884 763 2939 mali
784 2884 887 2939 bonive
912 2885 1007 2955 opinio
1030 2900 1062 2936 an

55 2953 119 3022 ipsa
146 2955 258 3008 omnino
286 2955 460 3023 perturbatio
487 2956 611 3009 tollatur.
658 2955 714 3009 Sed
737 2956 842 3009 certam
867 2957 896 3009 et
923 2953 1061 3025 propriam

54 3023 231 3078 sanationem
260 3040 331 3092 esse,
355 3026 379 3078 si
402 3027 505 3080 doceas
527 3026 603 3096 ipsas
625 3024 850 3095 perturbationes
873 3041 926 3094 per
949 3042 978 3080 se
1005 3038 1062 3078 esse

55 3093 172 3148 vitiosas
195 3111 247 3147 nce
271 3094 376 3147 habere
404 3095 552 3163 quicquam
577 3097 626 3150 ant
648 3096 775 3150 naturale
798 3096 848 3150 aut
870 3094 1062 3152 necessarium.

1 3195 2 3199 κ
55 3164 181 3218 Alteram
200 3166 294 3218 autem
312 3165 462 3233 rationem,
481 3183 552 3233 qnae
572 3166 654 3220 simul
673 3166 832 3235 opinionem
851 3165 920 3219 boni
937 3168 988 3220 ant
1000 3162 1062 3218 mali

55 3234 152 3300 tollat,
172 3250 232 3288 esse
251 3233 331 3287 illam
349 3234 462 3301 quidem
479 3237 637 3304 utiliorem,
661 3236 710 3290 sed
733 3252 796 3289 raro
822 3236 959 3304 proficere
977 3249 1061 3302 neque

55 3321 116 3358 esse
140 3304 177 3358 ad
198 3304 299 3374 vulgus
322 3304 520 3362 adhibendam.
560 3307 629 3360 Esse
653 3306 739 3360 etiam
761 3305 810 3359 nbi
835 3305 967 3360 adhiberi
984 3306 1062 3374 plane

55 3392 111 3428 non
127 3375 229 3442 possit,
249 3375 323 3443 quod
341 3392 399 3442 res,
418 3392 489 3443 quiae
503 3377 649 3446 perturbet
663 3377 797 3442 animum,
816 3391 846 3428 re
861 3392 931 3430 vera
944 3377 982 3431 sit
994 3376 1062 3429 bona

48 3447 102 3501 ant
128 3446 216 3519 mala,
230 3491 232 3496 .
245 3448 278 3504 ut
300 3445 325 3502 si
348 3445 410 3517 quis
436 3463 521 3516 aegre
549 3447 623 3501 terat
648 3446 719 3500 nihil
746 3447 775 3500 in
802 3461 831 3498 se
857 3461 919 3500 esse
947 3443 1063 3508 virtutis,
