2356 3870
71 222 73 226 Ι
135 142 200 225 140
297 143 345 197 DE
364 142 509 198 FINIBUS
528 141 706 198 BONORUM
724 142 772 196 ΕΤ
790 140 973 196 MALORUM

134 302 347 388 Chrysippus,
364 327 432 370 non
451 305 627 369 contemnit
644 307 812 387 totumque
831 302 1004 368 discrimen
1025 303 1138 367 summi

133 392 212 457 boni
243 393 278 456 in
311 414 422 457 earnm
460 392 700 476 comparatione
737 391 880 475 positum
911 393 971 473 put
991 394 1015 455 t.
1069 389 1138 475 Ego

134 484 242 544 autem
270 480 435 565 existimo,
463 479 492 544 si
518 479 691 544 honestum
718 501 788 544 esse
816 478 937 563 aliquid
964 479 1139 562 ostendero,

134 568 221 652 quod
252 569 297 632 sit
326 569 432 652 ipsum
464 590 523 633 sua
555 568 587 632 vi
618 571 761 652 propter‘
786 589 884 652 seque
920 567 1139 651 expetendum,

100 657 248 729 „iacere
264 660 373 721 vestra
399 656 517 721 omnia.
566 654 679 739 Itaque
707 677 758 739 eo,
786 654 881 740 quale
909 656 964 738 sit,
978 655 1172 738 'breviter,⁵

134 748 171 808 nt
193 748 320 828 tempus
343 745 501 827 postulat,
524 744 702 809 constituto
721 744 871 809 accedam
890 743 930 807 ad
949 743 1060 809 omnia
1078 746 1139 826 tua,

135 833 310 915 Torquate,
331 833 396 896 nisi
418 832 575 896 memoria
596 831 680 898 forte
703 831 863 896 defecerit.

81 942 115 990 45
200 919 412 985 Honestum
439 921 540 1005 igitur
566 920 599 983 id
626 920 858 1004 intellegimus,
886 920 971 1004 qnod
994 918 1062 983 tale
1085 921 1139 1000 est,

134 1011 172 1072 ut
189 1008 334 1073 detracta
352 1008 440 1073 omni
458 1007 600 1072 utilitate
620 1009 688 1072 sine
707 1007 783 1072 ullis
802 1008 954 1090 praemiis
970 1007 1139 1071 fructibus·

135 1117 173 1160 ve
204 1118 261 1179 per
292 1119 326 1161 se
363 1097 468 1180 ipsum
499 1095 605 1178 possit
635 1099 705 1160 iure
737 1096 869 1160 laudari.
928 1095 1023 1172 Quod
1052 1096 1172 1179 quales

136 1185 191 1261 sit,
227 1206 294 1249 non
329 1187 398 1272 tam
434 1184 633 1266 definitione,
670 1206 733 1269 qna
765 1207 838 1248 sum
870 1205 961 1267 usus,
997 1183 1140 1268 intellegi

136 1276 257 1356 potest,
280 1294 475 1356 quamquam
497 1272 706 1356 aliquantum
721 1275 842 1356 potest,
864 1293 961 1356 quam
982 1270 1140 1340 communi

136 1361 279 1426 omnium
300 1360 418 1425 iudicio
439 1363 471 1424 et
489 1360 604 1443 optimi
623 1361 775 1445 cuiusque
794 1361 907 1424 studiis
926 1362 1022 1443 atque
1040 1359 1141 1443 iactis,

136 1448 191 1530 qui
227 1449 387 1532 permulta
423 1447 464 1513 ob
497 1470 569 1512 eam
601 1470 700 1513 unam
736 1469 867 1512 causam
897 1448 1034 1529 iaciunt,
1071 1447 1139 1532 quia

136 1537 239 1620 decet,
267 1537 342 1621 quia
368 1540 503 1621 rectum,
535 1536 611 1621 quia
637 1536 810 1601 honestum
837 1539 899 1618 est,
931 1535 991 1600 etsi
1020 1536 1137 1600 nullum
1148 1555 1166 1597 11

136 1629 383 1689 consecuturum
410 1625 661 1689 emolumentum
689 1624 808 1688 vident.
859 1623 1017 1689 Homines
1050 1623 1139 1705 enim,
1168 1652 1172 1659 ·

136 1713 196 1777 etsi
224 1712 296 1776 aliis
324 1713 449 1796 multis,
476 1715 586 1776 tamen
612 1712 674 1777 hoc
698 1735 762 1777 uno
789 1712 964 1796 plurimum
987 1735 1009 1776 1
1030 1710 1135 1776 bestiis

136 1800 302 1884 differunt,
343 1801 428 1885 quod
464 1801 624 1866 rationem
664 1801 783 1864 habent
819 1823 839 1864 a
873 1802 993 1864 natura
1035 1799 1134 1865 datan

136 1891 337 1972 mentemque
369 1910 476 1953 acrem
512 1892 545 1952 11
581 1888 745 1973 vigentem
777 1888 1006 1972 celerrimeque
1042 1887 1133 1952 mulo
1165 1882 1172 1957 ‘.

136 1977 232 2040 simul
260 1976 438 2060 agitantem
467 1979 512 2061 et,
540 1979 577 2040 ut
602 1976 649 2040 ita
675 1976 793 2059 dicam,
823 1970 1172 2060 118111111,,(1111111ι·ςἶ

136 2085 250 2129 causas
276 2085 384 2128 rerum
406 2068 439 2129 et
461 2065 703 2130 consecutiones
725 2064 835 2129 videat
856 2069 890 2128 et
916 2063 1131 2128 similitudines
1161 2062 1172 2095 ¹

136 2151 312 2216 transferat
334 2156 367 2216 et
388 2153 551 2219 disiuncta
572 2152 747 2238 coniungat
770 2155 899 2217 etcum
921 2151 1131 2236 praesentibus
1165 2136 1172 2181 ⁴

136 2239 247 2304 futura
273 2241 400 2324 copulet
432 2261 623 2324 omnemque
655 2241 889 2324 complectatur
919 2240 1007 2304 vitae
1038 2258 1131 2306 conse

137 2327 265 2412 quentis
295 2332 425 2393 statum.
473 2328 659 2412 Eademque
686 2329 769 2394 ratio
795 2328 873 2393 fecit
901 2328 1066 2393 hominem
1086 2322 1172 2395 1101

137 2416 260 2480 minum
288 2421 493 2500 appetentem
522 2438 656 2500 cumque
683 2417 724 2480 iis
746 2420 864 2481 natura
888 2419 921 2480 et
944 2437 1088 2483 sermone
1107 2390 1172 2511 1111

137 2527 198 2569 usu
217 2509 454 2589 congruentem,
472 2509 510 2569 ut
528 2505 690 2588 profectus
710 2527 730 2569 a
747 2505 880 2569 caritate
895 2504 1131 2570 domesticorum
1161 2514 1172 2581 ⁸,-

137 2615 174 2657 ac
211 2615 343 2658 suorum
379 2598 488 2676 serpat
524 2592 653 2677 longius
690 2596 723 2656 et
759 2614 793 2657 11
826 2593 973 2675 implicet
1004 2592 1132 2677 primun
1159 2584 1172 2655 1

137 2681 269 2763 civium,
291 2680 405 2744 deinde
429 2682 573 2745 omnium
592 2681 777 2744 mortalium
800 2681 955 2746 societate
978 2685 1087 2765 atque,
1105 2679 1133 2743 nt
1159 2658 1172 2767 Ξ

138 2769 178 2833 ad
205 2767 385 2852 Archytam
412 2769 545 2851 scripsit
571 2768 679 2853 Plato,
705 2791 770 2833 non
798 2768 862 2834 sibi
890 2790 924 2832 11
947 2769 1010 2834 1011
1031 2772 1133 2834 natum
1159 2766 1172 2803 ⁴³

138 2857 332 2939 meminerit,
364 2857 419 2920 sed
446 2857 584 2940 patriae,
611 2855 667 2920 sed
695 2858 774 2939 suis,
801 2861 838 2920 ut
866 2857 1041 2942 perexigua
1068 2873 1133 2940 pars

84 2967 118 3013 46
137 2944 200 3027 ipsi
230 2944 437 3027 relinquatur.
487 2943 532 3008 Et
559 2945 710 3028 quoniam
737 2944 848 3009 eadem
877 2948 996 3009 natura
1023 2941 1134 3029 cupidi-

137 3034 238 3096 tatem
267 3032 415 3116 ingenuit
444 3032 568 3096 homini
602 3033 669 3096 veri
701 3033 846 3114 videndi,
877 3033 962 3117 quod
993 3033 1136 3099 facillime

137 3123 285 3203 apparet,
317 3141 389 3184 cum
420 3121 513 3184 vacui
544 3121 629 3184 curis
657 3121 767 3204 etiam,
795 3121 872 3204 quid
899 3121 934 3185 in
962 3121 1053 3186 caelo
1080 3119 1136 3199 fiat

138 3208 219 3272 scire
238 3229 378 3292 avemus,
395 3207 447 3271 his
466 3208 568 3272 initiis
586 3208 710 3272 inducti
733 3208 844 3273 omnia
866 3230 943 3273 vera
967 3209 1137 3294 diligimus,

136 3296 170 3359 id
197 3299 246 3360 est
272 3296 393 3374 fidelia,
421 3295 592 3379 simplicia,
622 3297 818 3378 constantia,
840 3300 911 3360 tum
933 3318 1032 3380 vana,
1053 3296 1138 3376 falsa,

135 3383 285 3448 fallentia
316 3384 456 3467 odimus,
487 3388 523 3447 nt
554 3383 713 3468 fraudem,
752 3385 943 3468 periurium,
976 3385 1139 3463 malitiam,

135 3472 295 3538 iniuriam.
334 3471 457 3537 Eadem
479 3473 563 3538 ratio
586 3472 687 3537 habet
708 3473 742 3536 in
766 3495 800 3538 11
823 3472 976 3558 quiddam
1003 3473 1141 3559 amplum
1169 3546 1172 3573 ἰ
