2346 3876
268 148 335 203 ΜΒ.
354 150 376 202 1.
405 148 481 203 CAP.
502 155 623 204 13-15.
651 154 808 214 sae-34.
980 150 1043 213 291

38 309 152 374 bacam
179 309 250 392 ipse
276 332 468 394 numquam3
500 312 550 375 vir
581 332 720 395 magnus
751 313 856 397 leges,
887 312 1045 396 instituta,

34 419 104 462 rem
128 397 293 481 publicam
314 420 381 463 non
400 398 506 463 seret?
552 399 636 475 Quid
657 400 840 483 procreatio
862 400 1045 484 liberorum,
1075 472 1078 479 ,

35 485 112 570 quid
135 486 331 569 propagatio
354 487 508 571 nominis,
535 487 612 571 quid
641 488 865 571 adoptationes
895 488 1045 571 filiorum,

36 573 113 657 quid
136 576 408 640 testamentorum
432 575 614 660 diligentia,
637 576 712 659 quid
735 577 807 660 ipsa
826 576 1045 659 sepulcrorum

36 666 262 745 monumenta,
290 662 397 747 elogia
424 664 608 747 significant
634 664 698 727 nisi
720 686 780 729 nos
806 663 918 728 futura
946 665 1045 728 etiam

35 749 203 834 cogitare?
253 750 359 827 Quid?
387 751 469 815 illud
495 773 570 816 num
600 752 742 835 dubitas,
774 753 851 836 quin
883 752 1045 836 specimen
1064 766 1097 814 32

34 843 174 904 naturae
192 839 270 923 ,capi
292 840 404 904 deceat
427 861 466 903 ex
486 840 611 923 optima
633 861 759 924 quaque
781 840 921 904 natura?
958 840 1045 917 Quae

36 931 86 991 est
118 926 236 991 melior
266 927 368 1011 igitur
399 927 434 992 in
465 927 632 991 hominum
659 949 775 1012 genere
802 931 920 994 natura
949 949 1045 1011 quam

36 1037 163 1097 eorum,
191 1015 247 1097 qui
275 1037 308 1078 se
331 1018 426 1080 natos
451 1016 491 1079 ad
518 1016 664 1081 homines
687 1017 857 1100 iuvandos,
884 1016 1046 1099 tutandos,

37 1102 274 1168 conservandos
302 1103 523 1168 arbitrantur?
572 1102 664 1168 Abiit
696 1105 736 1168 ad
767 1105 844 1171 deos
875 1103 1045 1186 Herculem

35 1213 214 1274 numquam
233 1190 365 1271 abisset,
388 1192 466 1275 nisi,
490 1213 562 1256 cum
581 1192 667 1256 inter
685 1191 844 1257 homines¹
857 1197 951 1273 esset,
974 1214 1045 1257 eam

38 1279 101 1344 sibi
129 1278 217 1342 viam
245 1279 444 1344 munivisset.
493 1279 614 1344 Vetera
645 1281 710 1345 iem
737 1281 801 1345 ista
828 1285 860 1345 et
888 1281 1044 1366 religione
1058 1277 1098 1341 15

37 1366 183 1433 omnium
206 1371 401 1433 consecrata.
445 1367 529 1443 Quid
551 1369 586 1432 in
608 1368 670 1433 hac
692 1390 727 1431 re
750 1369 880 1452 publica
902 1373 954 1433 tot
975 1373 1046 1434 tan-

36 1460 153 1538 tosque
181 1454 267 1519 viros
296 1455 337 1520 ob
370 1477 438 1519 rem
469 1456 632 1540 publicam
664 1456 851 1521 interfectos
884 1458 1045 1541 cogitasse

38 1542 255 1609 arbitramur?
285 1543 428 1607 isdemne
457 1547 494 1607 ut
516 1544 635 1608 finibus
657 1565 775 1608 nomen
799 1566 905 1628 suum,
929 1545 1045 1627 quibus

37 1633 120 1715 vita,
142 1630 393 1695 terminaretur?
445 1630 548 1696 Nemo
571 1653 726 1715 umquam
753 1631 823 1696 sine
846 1651 966 1715 magna
989 1654 1046 1714 spe

38 1718 286 1784 inmortalitatis
330 1740 364 1783 se
404 1741 463 1803 pro
504 1720 611 1803 patria
648 1719 777 1784 offerret
818 1719 858 1783 ad
899 1723 1046 1783 mortem,

38 1806 145 1872 Licuit
177 1828 247 1870 esse
280 1805 383 1872 otioso
412 1806 637 1889 Themistocli,
669 1808 761 1872 licuit
792 1807 1045 1890 Epaminondae,
1065 1821 1098 1867 33

37 1894 144 1977 licuit,
171 1916 212 1959 ne
245 1898 278 1958 et
309 1899 420 1959 vetera
448 1899 480 1959 et
513 1898 643 1959 externa
673 1917 838 1980 quaeram,
868 1894 962 1978 mihi,
992 1895 1046 1959 sed

38 1982 147 2047 nescio
166 2004 229 2066 quo
249 1983 345 2047 modo
364 1983 512 2047 inhaeret
529 1984 565 2046 in
579 1985 743 2047 mentibus
760 1983 852 2068 quasi
867 1983 1046 2048 saeclorum

39 2070 200 2155 quoddam
228 2071 399 2153 augurium
427 2071 623 2154 futurorum,
652 2071 747 2155 idque
770 2072 806 2135 in
827 2071 975 2136 maximis
998 2071 1045 2134 in-

40 2159 143 2244 geniis
180 2158 411 2243 altissimisque
448 2160 564 2223 animis
603 2164 635 2224 et
672 2161 800 2224 exsistit
839 2159 977 2224 maxime
1015 2164 1047 2223 et

40 2249 175 2331 apparet
205 2245 368 2310 facillime.
427 2246 497 2323 Quo
529 2247 658 2331 quidem
691 2248 834 2333 dempto,
874 2248 945 2332 quis
977 2252 1046 2311 tam

40 2338 126 2400 esset
157 2354 281 2416 amens,
317 2335 374 2419 qui
406 2356 532 2418 semper
563 2337 597 2400 in
627 2336 795 2415 laboribus
828 2340 861 2400 et
894 2335 1045 2419 periculis

40 2421 185 2487 viveret?
225 2421 354 2505 Loquor
376 2422 414 2486 de
433 2423 648 2508 principibus3
676 2423 774 2507 quid?
801 2425 915 2506 politae
938 2444 1044 2487 nonne
1064 2444 1099 2492 34

38 2512 274 2595 postmortem
296 2511 465 2574 nobilitari
487 2509 621 2575 volunt?
667 2509 759 2575 Unde
782 2530 858 2594 ergo
881 2509 984 2574 illud?

38 2633 227 2717 Aspicite,
251 2655 269 2697 o
289 2633 405 2717 cives,
429 2633 532 2697 senis
550 2634 652 2698 Enni
669 2632 851 2715 imaginis
876 2632 1046 2697 formam.

80 2721 154 2785 Hio
177 2725 346 2785 vestrum
369 2722 505 2804 panxit
527 2723 690 2785 maxima
711 2721 815 2784 facta
837 2725 997 2804 patrum.

37 2861 220 2927 Mercedem
247 2862 371 2946 gloriae
399 2861 527 2945 flagitat
553 2862 673 2944 abiis,
701 2884 836 2944 quorum
859 2865 968 2945 patres
992 2862 1045 2925 ad-

36 2950 161 3016 fecerat
183 2949 301 3033 gloria,
324 2949 485 3033 idemque:

104 3071 223 3137 Nemo
247 3093 304 3135 me
327 3072 500 3136 lacrimis
524 3075 638 3137 decoret
659 3093 713 3137 nec
732 3074 847 3153 suamc
868 3075 941 3154 fletu
963 3117 964 3121 =

148 3160 255 3225 Fere.
301 3157 397 3223 Cur?
420 3160 543 3224 volito
568 3161 678 3226 vivos
701 3183 768 3245 per
791 3184 858 3226 ora
880 3163 1011 3225 virum.

36 3302 100 3368 Sed
137 3301 216 3385 quid
251 3298 386 3384 po'e'tas?
428 3300 558 3382 opifices
594 3305 670 3385 post
705 3305 841 3365 mortem
879 3300 1045 3364 nobilitari

35 3390 161 3456 volunt.
207 3387 291 3464 Quid
318 3388 403 3452 enim
431 3387 564 3456 Phidias
592 3390 643 3453 sui
667 3389 805 3454 similem
836 3388 974 3471 speciem
997 3389 1046 3452 in-

35 3478 135 3544 clusit
156 3477 192 3540 in
215 3477 327 3560 clupeo
350 3474 528 3560 Minervae,
555 3499 628 3541 cum
651 3477 825 3542 inscribere
847 3496 958 3540 coccea
979 3497 1045 3540 non

786 3577 839 3633 le*
