2346 3876
90 147 157 213 426
289 143 587 202 TUSCULANARUM
607 143 913 199 DISPUTATIONUM

92 311 195 393 iisque
225 312 257 372 et
284 309 415 373 morbos
449 307 640 371 insanabilis
668 309 701 369 et
730 305 860 371 dolores
891 307 1093 372 intolerabilis

93 397 304 480 adiunxisset,
333 395 458 460 animos
486 416 614 479 quoque
640 393 765 458 dederit
792 397 1021 478 etcorporum
1048 395 1093 460 do·
1133 442 1136 469 ,

91 486 216 550 loribus
249 483 454 569 congruentis
488 486 520 546 et
552 482 728 565 separatim
761 482 829 546 suis
865 483 1039 568 angoribus
1068 486 1094 546 et
1134 490 1136 501 '

55 573 252 638 4molestiis
284 571 475 654 implicatos.
530 569 592 651 Sed
623 570 659 634 in
688 570 751 635 hoc
782 591 834 634 me
866 570 939 654 ipse
972 570 1092 656 castigo,

92 662 177 745 quod
206 682 244 724 ex
271 660 407 724 aliorum
435 662 468 722 et
495 680 533 722 ex
555 661 667 722 nostra
687 657 828 723 fortasse
855 659 1011 743 mollitia,
1038 680 1110 723 nona

92 770 131 813 ex
149 750 221 831 ipsa
239 748 367 830 virtute,
386 747 424 810 de
438 746 569 810 virtutis
588 747 705 810 robore
724 746 895 811 existumo
929 746 992 812 Illa
1011 747 1092 830 enin,

92 838 120 901 si
144 836 238 901 modo
258 839 308 900 est
325 835 393 898 ulla
410 835 528 918 virtus,
539 835 648 918 'quam
666 833 906 901 dubitationem
928 836 1091 900 avunculus

92 929 180 1007 tuus,
203 922 317 1006 Brute,
340 922 484 1000 sustulit,
507 922 629 1006 omnia,
652 944 734 1006 quae
753 920 867 986 cadere
887 923 1092 989 inhominem

91 1016 242 1095 possunt,
266 1012 378 1076 subter
400 1032 434 1075 se
461 1010 561 1074 habet
582 1031 683 1093 eaque
710 1009 890 1093 despiciens
914 1033 1008 1076 casus
1030 1033 1090 1076 con·

90 1101 208 1164 temnit
243 1101 403 1163 humanos
440 1099 596 1181 culpaque
629 1097 718 1162 omni
754 1119 867 1163 carens
905 1103 1033 1182 praeter
1065 1119 1091 1162 se
1101 1121 1119 1160 11

91 1189 197 1270 ipsam
219 1186 302 1250 nihil
320 1190 430 1250 censet
453 1187 493 1250 ad
516 1207 550 1250 se
568 1186 739 1268 pertinere.
775 1184 845 1250 Nos
865 1191 975 1252 autem
995 1187 1091 1252 omnia

92 1275 226 1339 adversa
253 1295 325 1338 cunr
351 1274 515 1338 venientia
542 1276 631 1338 metu
659 1277 828 1357 augentes,
854 1276 928 1338 tum
958 1295 1091 1339 maerore

90 1362 274 1446 praesentia
311 1382 418 1425 rerum
453 1365 604 1426 naturam
640 1383 737 1445 quam
776 1382 920 1426 errorem
956 1367 1091 1428 nostrum

92 1451 244 1516 damnare
267 1450 436 1515 malumus.

49 1508 73 1632 Ξ
159 1536 221 1602 Sed
244 1543 277 1603 et
298 1538 394 1601 huius
417 1537 531 1620 culpae
554 1540 587 1601 et
608 1541 788 1602 ceterorum
810 1539 966 1604 vitiorum
992 1559 1120 1622 peccas

91 1631 261 1711 torumque
296 1629 482 1691 nostrorum
519 1626 622 1690 omnis
661 1648 681 1690 a
715 1626 929 1710 philosophia
965 1626 1092 1711 petenda

92 1716 252 1780 correctio·
272 1717 329 1779 est.
367 1710 466 1777 Cuius
489 1713 523 1776 in
546 1713 652 1777 sinum
675 1735 747 1778 cunr
771 1735 790 1777 a
812 1715 929 1797 primis
950 1714 1093 1798 tempori-

91 1803 152 1866 bus
181 1802 298 1866 aetatis
325 1806 438 1866 nostra
464 1801 615 1866 voluntas
644 1802 849 1885 studiumque
877 1824 939 1868 nos
972 1824 1092 1886 compu-

90 1891 197 1973 lisset,
219 1891 270 1954 his
295 1889 496 1974 gravissimis
520 1889 648 1954 casibus
671 1890 705 1954 in
728 1890 866 1954 cundem
888 1895 1033 1974 portum,
1061 1911 1093 1953 ex

91 2001 154 2062 quo
187 2000 314 2043 eramus
346 1977 479 2061 egressi,
507 1997 630 2060 magna
660 1977 773 2042 iactati
804 1981 1000 2062 tempestate
1029 1999 1124 2044 con-a

90 2065 244 2148 fugimus
294 2065 331 2129 0⁷
348 2067 434 2129 vitae
460 2064 670 2148 philosophia
698 2065 774 2148 dux,
803 2087 821 2130 o
851 2066 984 2131 virtutis
1014 2066 1093 2132 inda·

90 2153 199 2236 gatrix
236 2153 459 2235 expultrixque
495 2152 663 2216 vitiorum!
697 2153 774 2236 quid
805 2174 872 2218 non
904 2155 1003 2219 modo
1033 2175 1095 2230 nos,

91 2240 147 2303 sed
171 2240 301 2304 omnino
330 2240 399 2305 vita
422 2240 589 2309 hominum
613 2241 681 2304 sine
708 2244 742 2304 te
765 2262 835 2305 esse
858 2242 1042 2325 potuisset?
1064 2245 1096 2304 tu

91 2328 182 2392 urbis
209 2327 379 2412 peperisti,
405 2331 442 2392 tu
470 2328 644 2411 dissipatos
670 2328 818 2393 homines
846 2330 881 2394 in
915 2331 1096 2395 societatem

91 2417 178 2481 vitae
211 2417 408 2499 convocasti,
443 2419 481 2480 tu
512 2438 567 2480 cos
599 2416 685 2480 inter
717 2437 750 2480 se
781 2416 888 2499 primo
922 2417 1127 2499 domiciliiau

90 2505 205 2568 deinde
220 2504 388 2589 coniugiis,
406 2507 476 2567 tum
494 2504 676 2567 litterarum
692 2508 726 2568 et
742 2525 858 2570 vocum
876 2507 1096 2572 communione

90 2593 237 2676 iunxisti,
264 2596 300 2657 tu
327 2591 488 2656 inventrix
515 2591 639 2675 legum,
665 2594 701 2655 tu
727 2593 887 2676 magistra
915 2616 1044 2678 morum
1069 2596 1097 2656 et

92 2680 281 2762 disciplinae
303 2679 408 2764 fuisti3
432 2678 472 2743 ad
494 2681 527 2743 te
551 2679 768 2764 confugimus,
795 2703 815 2744 a
843 2683 877 2744 te
900 2703 998 2764 opem
1023 2680 1097 2765 peti-

89 2789 177 2850 mus,
208 2767 270 2832 tibi
297 2789 371 2851 nos,
402 2770 439 2830 ut
466 2769 561 2831 antea
588 2787 708 2851 magna
730 2788 774 2831 cx
802 2770 910 2851 parte,
941 2770 989 2833 sic
1017 2788 1097 2834 nunc

90 2855 220 2938 penitus
243 2858 393 2939 totosque
416 2855 583 2918 tradimus.
619 2853 681 2920 Est
700 2858 807 2920 autem
824 2877 909 2920 unus
934 2857 1003 2922 dies
1022 2859 1130 2922 beneu

91 2945 124 3005 ct
143 2963 181 3006 ex
203 2943 383 3024 praeceptis
401 2943 466 3007 tuis
486 2945 576 3007 actus
594 2943 742 3026 peccanti
761 2943 996 3010 inmortalitati
1016 2947 1097 3010 aute

90 3029 266 3112 ponendus.
312 3027 411 3093 Cuius
438 3031 537 3113 igitur
564 3030 675 3113 potius
704 3030 819 3113 opibus
846 3035 979 3096 utamur
1007 3053 1098 3117 quam

91 3117 171 3200 tuis,
195 3137 275 3199 quae
299 3119 332 3179 et
354 3117 439 3181 vitae
462 3118 732 3200 tranquillitatem
755 3118 875 3201 largita
891 3120 989 3185 nobis
1014 3142 1048 3184 es
1070 3122 1099 3183 et

54 3207 247 3272 cterrorem
279 3203 393 3267 mortis
426 3204 610 3269 sustulisti?
655 3205 704 3269 Ac
734 3205 947 3289 philosophia
969 3208 1098 3292 quidem

91 3295 218 3355 tantum
247 3292 339 3355 abest
365 3295 402 3356 ut
427 3292 578 3375 proinde,
610 3314 647 3357 ac
679 3292 718 3357 de
750 3293 920 3360 hominum
954 3299 1006 3362 est
1036 3295 1130 3360 vitea

91 3379 220 3462 merita,
251 3380 414 3462 laudetur,
446 3383 484 3443 ut
515 3402 534 3442 a
565 3381 726 3464 plerisque
757 3382 907 3466 neglecta
940 3405 961 3449 a
992 3383 1098 3448 multis

86 3466 187 3534 etiam
203 3467 413 3556 vituperetur.
439 3466 631 3551 Vituperarc
645 3468 816 3552 quisquam
829 3470 915 3535 vitae
933 3475 1099 3554 parentem
