2346 3876
111 175 156 240 34
380 160 857 231 scinnmcoacuruioauu

111 337 167 402 isti
200 337 324 421 dicunt,
355 341 392 401 ut
424 358 462 401 sa
489 338 541 402 vel
568 337 652 401 falsa
680 358 749 401 esse
775 340 922 420 possent,
954 357 1062 421 neque
1089 359 1127 403 ea

111 430 223 509 posset
254 426 322 490 ulla
352 425 443 490 notio
476 426 656 490 discernere
663 475 671 507 ,
704 447 768 509 quo
800 424 896 489 modo
929 447 1125 510 quemquam

113 517 169 578 aut
196 514 392 579 conclusisse
420 513 541 598 aliquid
567 518 625 580 aut
650 514 812 578 invenisse
835 513 1041 578 diceremus?
1072 518 1126 579 aut

112 624 192 686 quae
216 606 301 666 esset
323 603 467 668 conclusi
490 601 672 687 argumenti
694 601 796 666 fides?
823 601 896 685 ipsa
919 604 1032 666 autem
1054 603 1125 686 phi-

94 690 272 774 losophia,
290 712 372 775 quae
390 690 572 755 rationibus
585 690 735 774 progredi
754 689 858 774 dehet,
876 711 974 774 quem
988 690 1148 757 habebits

113 779 255 844 exitum?
279 779 458 863 sapientiae
475 800 552 844 vero
570 778 647 862 quid
664 778 809 842 futurum
828 778 900 842 est?
919 801 1003 863 quae
1023 801 1124 864 neque

112 868 151 932 de
170 889 204 931 se
223 867 295 950 ipsa
313 867 462 931 dubitare
481 866 578 932 debet
598 888 701 950 neque
723 865 762 930 de
781 867 848 930 suis
868 866 1022 951 decretis,
1046 889 1124 953 quae

112 955 300 1039 philosophi
313 958 432 1020 vocant
445 951 602 1038 δόγματα,
621 976 756 1038 quorum
775 954 902 1019 nullum
920 955 991 1019 sine
1007 957 1124 1021 scelere

111 1044 204 1127 prodi
222 1044 351 1127 poterit.
394 1041 477 1108 Cum
500 1043 585 1107 enim
609 1043 773 1108 decretum
795 1042 955 1127 proditur,
979 1043 1035 1108 lex
1057 1045 1124 1109 veri

111 1132 253 1216 rectique
286 1131 445 1215 proditur,
477 1153 540 1215 quo
573 1153 590 1195 e
622 1132 702 1196 vitio
735 1135 768 1195 et
800 1131 1019 1196 amicitiarum
1051 1154 1157 1217 pro-ro

112 1220 250 1284 ditiones
269 1223 302 1283 et
319 1220 647 1303 rerumpublicarum
664 1220 755 1284 nasei
774 1219 888 1285 solent.
920 1219 998 1285 Non
1016 1225 1125 1304 potest

111 1307 213 1392 igitur
241 1307 394 1392 dubitari,
421 1308 498 1391 quin
525 1307 689 1372 decretum
716 1308 842 1372 nullum
870 1307 992 1372 falsum
1020 1309 1125 1392 possit

111 1417 182 1460 esse
210 1396 364 1479 sapientis
392 1417 494 1480 neque
522 1396 602 1460 satis
635 1395 678 1459 sit
705 1416 773 1460 non
800 1417 870 1461 esse
901 1395 1039 1481 falsum,
1072 1398 1125 1462 sed

112 1485 210 1548 etiam
230 1483 359 1567 stabile,
382 1485 496 1568 fixum,
519 1485 627 1548 ratum
646 1505 716 1548 esse
735 1484 864 1568 debeat,
887 1483 973 1568 quod
995 1506 1125 1551 movere

111 1572 202 1637 nulla
238 1572 323 1637 ratio
355 1575 461 1657 queat.
516 1571 610 1636 Talia
642 1575 751 1636 autem
781 1594 885 1657 neque
918 1594 988 1638 esse
1020 1595 1160 1659 nequer

112 1661 214 1727 videri
235 1665 373 1745 possunt
396 1683 507 1726 eorum
530 1661 667 1743 ratione,
698 1661 752 1744 qui
774 1660 834 1725 illa
856 1660 941 1745 visa,
965 1683 982 1725 e
1007 1663 1124 1746 quibus

113 1750 221 1815 omnia
249 1749 375 1813 decreta
402 1755 479 1814 sunt
503 1753 595 1833 nata,
625 1751 747 1833 negant
762 1772 764 1774 ·
779 1749 951 1833 quicquam
979 1771 1001 1814 a
1032 1750 1125 1816 falsis

59 1859 93 1909 ae
112 1839 277 1903 interesse.
334 1837 384 1902 Ex
415 1837 477 1901 hoc
508 1836 587 1900 illud
619 1839 669 1900 est
702 1840 830 1921 natum,
862 1837 947 1921 quod
978 1840 1126 1921 postula·

112 1926 170 1990 bat
204 1925 411 2006 Hortensius,
448 1927 485 1987 ut
520 1925 553 1989 id
589 1925 698 2008 ipsum
734 1925 851 1990 saltem
882 1931 1075 2010 perceptum
1106 1950 1125 1993 a

112 2014 257 2098 sapiente
281 2012 443 2095 diceretis,
465 2012 547 2076 nihil
571 2035 665 2096 posse
688 2013 821 2097 percipi.
860 2011 924 2078 Sed
947 2013 1124 2098 Antipatro
1137 2041 1161 2089 a

111 2102 174 2166 hoc
200 2101 285 2165 idem
312 2101 505 2184 postulanti,
531 2123 605 2165 cum
632 2101 752 2166 diceret
780 2101 823 2185 ei,
850 2102 906 2186 qui
938 2102 1126 2169 adfirmaret

112 2189 194 2253 nihil
216 2209 314 2272 posse
335 2189 475 2272 percipi,
496 2211 596 2254 unum
618 2193 729 2254 tamen
751 2189 833 2253 illud
856 2190 974 2275 dicere,
999 2193 1125 2277 percipi

112 2298 220 2362 posse,
248 2280 500 2342 consentaneum
524 2299 606 2360 esse,
633 2282 670 2342 ut
694 2278 757 2342 alia
779 2299 847 2343 non
869 2282 1018 2362 possent,
1047 2278 1124 2346 (lar-

112 2365 230 2430 neades
249 2365 374 2430 acutius
393 2365 576 2431 resistebat.
601 2364 687 2431 Nam
705 2369 833 2430 tantum
853 2368 966 2432 abesse
984 2368 1124 2453 dicebat,

112 2456 150 2518 ut
180 2453 214 2516 id
247 2459 497 2519 consentaneum
528 2457 628 2538 esset,
658 2457 696 2518 ut
727 2454 866 2519 maxime
898 2455 997 2521 etiam
1030 2479 1124 2542 repu·
1136 2479 1162 2522 ss

112 2546 237 2627 gnaret.
274 2541 336 2618 Qui
360 2543 446 2607 enim
464 2546 599 2627 negaret
620 2543 792 2627 quicquam
810 2564 894 2627 esse,
917 2545 1005 2628 quod
1025 2547 1125 2630 perci-

112 2636 256 2715 peretur,
284 2652 357 2695 sum
383 2631 466 2695 nihil
498 2631 656 2716 excipere3
689 2631 736 2695 ita
762 2652 892 2696 neccsse
920 2653 991 2697 esse
1019 2655 1061 2698 ne
1092 2634 1124 2700 id

113 2721 220 2803 ipsum
243 2719 384 2802 quidem,
413 2719 498 2803 quod
526 2722 693 2802 exceptum
721 2740 787 2784 non
811 2723 909 2804 esset,
937 2723 1125 2806 comprendi

59 2827 93 2876 29
113 2810 146 2871 et
177 2806 298 2890 percipi
334 2808 401 2872 ullo
440 2808 534 2873 modo
570 2829 674 2891 posse.
731 2807 914 2873 Antiochus
947 2810 987 2873 ad
1023 2811 1124 2875 istum

113 2896 221 2960 locum
243 2896 384 2979 pressius
407 2896 576 2961 videbatur
597 2894 756 2960 accedere.
797 2895 957 2973 Quoniam
980 2898 1068 2963 enim
1092 2898 1162 2963 ides

112 2984 270 3048 haherent
292 2982 474 3050 Academici
503 2985 667 3049 decretum
689 2980 831 3068 (sentitis
856 2985 941 3049 enim
970 2985 1038 3050 iam
1061 2986 1124 3052 hoc

113 3093 164 3136 me
183 3067 291 3154 δόγμα
310 3070 442 3159 dicere),
464 3073 547 3138 nihil
570 3093 666 3156 posse
688 3072 820 3157 percipi,
844 3094 910 3137 non
928 3073 1045 3138 debere
1068 3096 1124 3140 eos

112 3162 147 3224 in
168 3181 225 3224 suo
250 3160 390 3245 decreto,
414 3162 498 3226 sicut
520 3161 555 3225 in
577 3161 692 3225 ceteris
714 3161 825 3244 rebus,
848 3161 1010 3241 fluctuari,
1033 3184 1124 3246 prae-

113 3249 224 3314 sertim
247 3269 320 3314 cum
342 3249 378 3314 in
401 3271 438 3315 eo
463 3271 589 3314 summa
609 3249 812 3332 consisteret,
836 3248 919 3314 hane
943 3249 1029 3314 enim
1052 3272 1124 3316 esse

112 3338 259 3422 regulam
277 3337 379 3402 totius
402 3337 638 3421 philosophiae,
661 3338 924 3403 constitutionem
946 3338 1015 3403 veri
1038 3338 1124 3419 falsi,
1137 3361 1163 3403 ss

114 3425 235 3511 cogniti
253 3425 422 3511 incogniti3
446 3447 543 3510 quam
566 3426 725 3491 rationem
748 3426 902 3510 quoniam
923 3426 1125 3511 susciperent

103 3514 288 3596 docereque
321 3514 454 3602 vellent,
487 3535 569 3600 quae
600 3514 671 3580 risa
703 3515 805 3598 accipi
832 3517 1009 3600 oporteret,
1041 3537 1124 3599 quae

62 3608 104 3640 h
