2346 3876
114 172 135 236 8
332 134 903 226 roroamcoauurosruarcaun

113 330 218 409 Quid?
259 353 347 417 ergo,
384 332 529 416 inquam,
565 329 728 396 Antiocho
766 332 799 395 id
839 333 944 417 magis
982 334 1123 420 licuerit,

112 424 225 486 nostro
247 419 409 504 familiari,
431 421 607 505 remigrare
629 420 664 483 in
686 419 816 484 domum
839 424 980 485 veterem
1000 443 1121 488 encra

112 530 209 594 quam
227 509 320 574 nobis
334 509 369 572 in
382 530 500 574 novam
515 529 531 571 e
549 507 679 572 vetere?
698 512 783 571 certe
797 509 882 572 enim
895 511 1122 576 recentissima

113 618 256 682 quaeque
271 600 347 662 sunt
360 600 505 661 correcta
524 599 556 660 et
570 596 738 660 emendata
751 596 904 679 maxime;
923 619 1120 683 quamquam

113 684 269 751 Antiochi
291 685 447 768 magister
466 683 571 767 Philo,
593 703 730 768 magnus
753 685 816 765 vir,
839 688 876 748 ut
897 688 934 749 tu
952 687 1147 755 existimasa

113 775 192 858 ipse,
216 776 316 858 negat
337 772 496 855 inlibris,
520 771 604 856 quod
623 793 731 836 coram
749 773 848 836 etiam
866 793 904 836 ex
921 773 994 856 ipso
1014 775 1120 840 audie·

113 863 242 944 bamus,
264 861 344 925 duas
368 860 560 924 Academias
584 880 654 924 esse
682 881 885 944 erroremque
912 882 1037 946 eorum,
1066 865 1122 948 qui

113 951 161 1014 ita
192 952 361 1033 putarunt,
393 948 547 1033 coarguit.
604 946 679 1031 Est,
711 947 830 1031 inquit,
866 952 903 1013 ut
939 949 1033 1034 dicis,
1066 951 1122 1015 sed

114 1039 265 1122 ignorare
301 1041 334 1100 te
370 1058 436 1101 non
475 1035 632 1118 arbitror,
673 1057 754 1121 quae
795 1041 909 1101 contra
946 1037 1122 1120 [Philonis]

63 1141 96 1188 14
113 1125 296 1191 Antiochus
328 1124 502 1207 scripserit.
554 1122 658 1188 Immo
691 1145 767 1188 vero
799 1128 832 1188 et
859 1125 924 1188 ista
957 1129 990 1189 et
1015 1129 1160 1195 totamm

114 1216 254 1279 veterem
277 1213 500 1294 Academiam,
523 1234 542 1276 a
564 1234 628 1296 qua
650 1212 764 1276 absum
787 1212 853 1277 iam
876 1213 943 1296 diu,
970 1215 1122 1280 renovari

115 1324 135 1366 a
157 1305 204 1384 te,
225 1301 291 1365 nisi
313 1301 487 1365 molestum
505 1303 568 1382 est,
590 1299 702 1384 velim3
726 1303 759 1363 et
781 1300 893 1364 simul:
915 1300 1124 1387 Adsidamus,

30 1433 32 1437 .
114 1391 259 1473 inquam,
282 1389 311 1453 si
334 1388 468 1453 videtur.
518 1385 601 1451 Sane
624 1388 709 1452 istuc
732 1387 874 1472 quidem,
900 1388 1020 1473 inquit3
1051 1414 1124 1456 sum

115 1479 200 1541 enim
219 1476 392 1541 admodum
408 1476 564 1540 infirmus.
597 1473 659 1539 Sed
678 1476 852 1560 videamus,
870 1477 997 1541 idemne
1010 1479 1123 1546 Attico

115 1566 242 1650 placeat
263 1565 333 1629 fieri
357 1587 377 1630 a
399 1586 463 1646 me,
491 1563 576 1648 quod
603 1568 636 1628 te
665 1565 748 1627 velle
776 1564 878 1629 video.
927 1564 1009 1629 Mihi
1039 1589 1162 1651 ver0,1⁵

114 1655 184 1737 ille3
215 1652 292 1737 quid
319 1657 369 1717 est
395 1653 496 1734 enim,
522 1652 607 1736 quod
634 1653 744 1716 malim
772 1674 868 1736 quam
897 1674 935 1716 ex
958 1653 1123 1720 Antiocho

114 1743 180 1806 iam
207 1742 332 1825 pridem
355 1741 465 1805 audita
490 1740 652 1805 recordari
682 1744 715 1804 et
737 1740 834 1805 simul
857 1740 977 1826 videre,
1001 1743 1124 1808 satisne

116 1852 154 1894 ea
177 1829 344 1895 commode
366 1829 430 1893 dici
451 1829 580 1912 possint
601 1827 740 1892 Latine?

165 1961 266 2038 Quae
290 1983 373 2026 cum
396 1959 514 2043 dicta,
536 1960 575 2024 in
599 1964 806 2044 conspectu
829 1961 1073 2029 consedimus

554 2070 692 2113 omnes.
1139 2080 1166 2119 ro

65 2203 99 2253 15
184 2181 268 2244 Tum
296 2179 402 2245 Varro
429 2180 477 2244 ita
504 2202 634 2245 exorsus
663 2183 726 2245 est:
755 2178 902 2245 Socrates
929 2180 1010 2245 mihi
1037 2183 1125 2247 vide-

116 2274 169 2334 tur
202 2269 249 2349 [id
278 2269 363 2353 quod
394 2272 523 2333 constat
553 2269 637 2333 inter
664 2270 789 2349 omnes]
818 2270 943 2352 primus
976 2291 995 2333 a
1027 2271 1125 2336 rebus

118 2357 253 2423 occultis
276 2360 309 2420 et
331 2357 371 2420 ab
394 2356 466 2439 ipsa
486 2359 603 2422 natura
621 2356 791 2439 involutis,
813 2357 849 2420 in
871 2357 987 2441 quibus
1011 2379 1125 2423 omnes

118 2449 285 2510 antaeum
306 2444 495 2528 philosophi
518 2445 665 2527 occupati
686 2444 826 2528 fuenmt,
848 2445 1034 2509 avocavisse
1053 2446 1125 2529 phi·

117 2532 300 2618 losophiam
327 2537 360 2597 et
387 2532 429 2596 ad
455 2532 557 2596 vitam
585 2554 786 2597 communem
815 2532 997 2616 adduxisse,
1026 2537 1064 2597 ut
1087 2534 1126 2597 de
1140 2563 1167 2604 aa

118 2623 293 2687 virtutibus
313 2626 346 2686 et
363 2620 450 2686 vitiis
470 2621 664 2704 omninoque
683 2621 721 2685 de
743 2620 838 2685 bonis
860 2620 956 2684 rebus
975 2624 1008 2684 et
1028 2622 1126 2686 malis

118 2713 298 2794 quaereret,
328 2708 480 2774 caelestia
508 2711 616 2773 autem
642 2708 695 2773 vel
723 2708 836 2791 procul
864 2730 933 2772 esse
962 2731 982 2772 a
1012 2713 1127 2774 nostra

119 2799 302 2883 cognitione
334 2801 478 2862 censeret
510 2798 574 2879 vel,
611 2797 639 2860 si
670 2797 810 2860 maxime
842 2796 974 2880 cognita
1009 2801 1129 2881 essent,

67 2908 100 2956 16
119 2886 203 2950 nihil
225 2890 336 2951 tamen
359 2886 400 2949 ad
422 2886 503 2950 bene
526 2885 707 2949 vivendum.
746 2883 811 2948 Hic
832 2884 868 2947 in
887 2883 1035 2948 omnibus
1059 2885 1128 2949 fere

120 2974 339 3056 sermonibus,
372 2973 426 3057 qui
458 2973 499 3037 ab
533 2973 592 3055 iis,
624 2973 679 3056 qui
714 2971 805 3036 illum
838 2971 1020 3054 audierunt,
1056 2995 1128 3056 per·
1142 3003 1168 3044 a)

120 3063 232 3146 scripti
259 3063 347 3126 varie
375 3061 566 3145 copioseque
594 3064 683 3143 sunt,
715 3061 763 3125 ita
796 3061 953 3143 disputat,
981 3064 1018 3124 ut
1044 3061 1130 3126 nihil

121 3151 268 3215 adfirmet
289 3149 372 3233 ipse,
395 3148 523 3213 refellat
546 3149 639 3232 alica,
666 3148 749 3212 nihil
776 3169 811 3213 sc
839 3148 919 3212 scire
948 3148 1035 3212 dicat
1063 3150 1130 3214 nisi

37 3298 42 3309 ,
120 3239 154 3303 id
185 3239 292 3321 ipsum
327 3258 427 3320 eoque
463 3240 626 3320 praestare
666 3237 796 3319 ceteris,
833 3236 918 3319 quod
948 3237 1010 3318 illi,
1047 3258 1131 3320 quae

121 3328 282 3410 nesciant,
305 3324 385 3390 scire
404 3346 438 3388 se
455 3328 582 3407 putent,
600 3325 685 3408 ipsc,
709 3347 742 3389 se
759 3323 842 3388 nihil
862 3325 957 3408 scire,
977 3324 1011 3387 id
1029 3346 1131 3389 unum

120 3416 215 3497 sciat,
234 3414 275 3479 ob
295 3434 429 3496 eamque
447 3435 515 3476 rem
534 3435 568 3477 se
587 3413 740 3477 arbitrari
758 3413 798 3477 ab
813 3412 964 3496 Apolline
984 3413 1131 3477 omnium
1145 3442 1168 3485 35

112 3501 395 3582 sapientissimum
433 3522 503 3567 esse
540 3501 676 3582 dictum,
712 3500 799 3584 quod
828 3500 910 3564 haec
946 3504 1031 3564 esset
1065 3523 1132 3566 una

64 3600 144 3640 *-
