2346 3876
123 127 186 190 146
284 127 332 181 DE
351 125 496 180 FINlBUS
514 125 694 181 BONORUM
711 125 758 179 ET
777 123 960 179 MALORUM

121 289 234 354 ardore
256 293 351 373 atque
369 289 494 371 impetu
512 287 689 354 concitati?
725 287 843 352 Utrum
861 287 994 352 tandem
1013 307 1137 352 censes

121 377 295 461 Torquate,
318 376 533 460 Imperiosum
556 377 660 458 illum,
684 375 711 439 si
734 379 847 440 nostra
874 376 975 440 verba
999 376 1168 458 audiret,

121 471 250 529 tuamne
278 466 317 530 de
345 487 379 528 11
414 464 595 529 orationem
626 464 782 528 libentius
815 463 1002 528 auditurum
1031 463 1163 530 fuisse

123 576 164 617 an
196 574 314 636 meam,
347 574 420 617 cum
452 573 512 636 ego
545 551 683 615 dicerem
714 552 797 616 nihil
824 573 898 616 eum
928 551 1046 616 fecisse
1073 572 1159 617 sua

123 664 220 706 causa
243 643 413 724 omniaque
431 641 478 704 rei
500 639 661 723 publicae,
683 643 720 703 tu
738 643 851 704 contra
868 639 953 705 nihil
971 639 1034 704 nisi
1052 641 1154 704 sua?

123 727 156 794 Si
179 751 254 794 vero
278 731 311 794 id
334 729 432 792 etiam
458 729 630 811 explanare
652 727 751 791 velles
781 728 988 812 apertiusque
1011 727 1156 792 diceres-

122 817 202 882 nihil
236 840 308 881 eum
339 817 455 880 fecisse
486 816 551 880 nisi
580 814 759 899 voluptatis
791 837 902 899 causa,
939 838 1004 901 quo
1036 815 1145 881 modo

68 927 101 975 or
122 927 195 969 eum
217 906 348 969 tandem
371 905 513 968 laturum
534 903 634 967 fuisse
658 903 846 968 existimas?
891 903 988 987 Esto,
1009 903 1143 984 fecerit,

122 994 150 1057 si
177 993 223 1058 ita
254 994 318 1076 vis,
350 992 530 1075 Torquatus
562 995 694 1074 propter
726 1013 801 1056 suas
837 991 999 1056 utilitates
1031 989 1139 1075 (malo

122 1082 208 1145 enim
246 1081 351 1145 dicere
386 1103 483 1164 quam
515 1079 713 1163 voluptates,
744 1081 779 1144 in
809 1084 903 1144 tanto
939 1080 1137 1163 praesertim
1166 1107 1169 1127 ,·

121 1167 219 1255 viro);
242 1190 320 1232 num
344 1169 443 1232 etiam
466 1168 534 1232 eius
561 1168 684 1251 collega
707 1168 742 1231 P
764 1167 895 1251 Decius,
921 1169 1136 1252 princepsm

122 1278 161 1320 ea
182 1256 308 1320 familia
336 1257 534 1338 consulatus,
561 1277 633 1320 cum
657 1277 691 1319 se
718 1255 933 1320 devoverate
916 1259 1054 1341 etequo
1075 1252 1133 1320 ad

122 1345 219 1408 misso
247 1345 281 1407 in
308 1343 447 1409 mediam
476 1344 576 1408 aciem
603 1342 676 1407 Lat
652 1348 793 1407 tinorum
820 1344 977 1428 irruebat,
1009 1337 1133 1428 aliquid

121 1432 159 1495 de
182 1433 295 1515 volupt
281 1431 404 1496 tatibus
428 1432 495 1496 s'uis
519 1431 607 1514 cogit
592 1431 708 1496 tabat?
759 1430 824 1496 Ubi
847 1435 884 1495 ut
907 1453 980 1496 eam
1003 1428 1131 1516 caperet

121 1523 178 1583 aut
209 1519 361 1604 quando?
394 1540 466 1583 cum
498 1519 596 1583 sciret
628 1519 798 1583 confestim
830 1541 900 1584 esse
930 1520 1164 1584 moriendumu

122 1630 255 1693 eamque
278 1611 415 1672 mortem
438 1607 619 1671 ardentiore
643 1607 749 1671 studio
772 1610 910 1690 peteret,
934 1629 1032 1691 quam
1053 1603 1128 1690 lupi·

121 1719 215 1761 curus
252 1697 452 1797 voluptatem
492 1695 662 1796 petendam
703 1698 806 1778 putat.
871 1694 965 1771 Quod
1003 1695 1128 1790 quidem

122 1785 189 1848 eius
216 1784 283 1849 fact
269 1788 338 1848 tum
365 1783 430 1847 nisi
458 1783 578 1846 essct
568 1804 638 1846 rure
660 1782 841 1866 laudatum,
862 1806 931 1848 non
953 1784 1126 1848 1111111111·

120 1876 134 1935 1
136 1876 208 1936 tus
237 1876 352 1956 quarto
318 1871 547 1935 ttoonsulau
525 1892 627 1936 usuc
650 1870 750 1954 filius,
777 1893 881 1954 neque
909 1893 1007 1955 porro
1030 1892 1068 1936 ex
1089 1884 1125 1930 eo

119 1965 216 2024 natus
240 1981 311 2023 curn
334 1958 459 2042 Pyrrho
486 1959 608 2022 bellum
631 1978 746 2042 gerens
770 1960 881 2024 consul
905 1954 1160 2025 111111111111111

120 2048 242 2149 proelio
275 2068 371 2130 seque
402 2068 420 2110 1
452 2046 632 2110 continenti
659 2066 777 2130 genere
804 2048 937 2112 tertiam
965 2048 1121 2113 victimam

62 2157 101 2204 11
121 2136 167 2198 111
195 2135 343 2218 publicae
370 2134 583 2218 praebuisset.
633 2131 728 2198 (lont'
704 2138 792 2199 tmeo
820 2157 871 2199 me
901 2137 943 2201 ab
968 2130 1119 2218 exemplis

122 2222 251 2287 Graecis
284 2221 346 2286 hoc
377 2222 537 2286 modicum
568 2225 632 2286 111·
605 2220 847 2306 theonidas,
879 2221 1118 2307 Epaminondas,

120 2315 185 2375 tres
223 2310 322 2394 aliqui
359 2313 415 2374 aut
451 2313 617 2394 quattuor,
655 2329 714 2393 ego
752 2311 780 2374 11
811 2315 943 2376 nostros
976 2311 1116 2455 colligere

120 2420 267 2482 coepero,
293 2397 459 2482 perficiam
486 2398 566 2462 illud
589 2397 730 2481 quidem,
757 2402 794 2462 ut
821 2421 855 2464 se
885 2395 1156 2465 virtutisque

120 2486 402 2587 constringendam
425 2486 588 2570 voluptas,
617 2486 672 2549 sed
696 2486 763 2550 dies
785 2509 837 2551 me
860 2487 1056 2571 deficiet,et

120 2575 158 2640 A.
182 2575 315 2656 Varius,
343 2574 397 2659 qui
425 2577 475 2638 est
501 2574 594 2638 habit
595 2596 632 2637 us
654 2574 750 2638 iudex
773 2575 895 2659 durior,
926 2576 1033 2641 dicere
1055 2505 1115 2640 doli·

120 2664 238 2728 sessori
261 2663 400 2745 solebat,
424 2683 496 2727 oum
515 2662 600 2725 datis
623 2661 761 2726 testibus
785 2663 841 2727 alii
863 2667 976 2728 tamen
994 2665 1116 2729 citaren-

119 2756 185 2816 tur:
209 2751 289 2814 ‘Aut
310 2750 372 2815 hoc
394 2750 527 2814 testium
546 2750 626 2813 satis
646 2753 708 2832 est,
732 2754 788 2814 aut
805 2752 925 2834 nescio,
949 2753 1027 2836 quid
1049 2750 1117 2816 satis

120 2838 186 2922 sit,'
216 2840 261 2904 sic
290 2861 309 2902 a
337 2838 491 2902 mesatis
519 2837 630 2901 datum
654 2840 702 2901 est
727 2839 867 2903 testium.
913 2839 998 2916 Quid
1022 2837 1161 2904 1111111110

118 2933 151 2991 11
190 2927 309 3011 ipsum,
345 2926 571 3011 dignissimum
607 2925 784 2990 maioribus
820 2927 899 3010 tuis,
935 2929 1122 3012 voluptasne

119 3016 256 3097 induxit,
289 3018 326 3079 ut
358 3014 614 3078 adulescentulus
647 3014 785 3097 eriperes
812 3014 846 3078 P.
876 3014 984 3080 Sullae
1015 3038 1123 3083 consu-

119 3103 243 3178 latum?
289 3101 391 3203 Quem
414 3123 487 3166 oum
510 3101 550 3166 ad
577 3104 703 3184 patrem
726 3106 819 3167 tuum
842 3104 1037 3189 rettulisses,
1063 3104 1125 3170 for·

118 3193 281 3256 tissimum
307 3191 424 3273 virum,
452 3189 558 3274 qualis
584 3188 640 3252 ille
667 3190 718 3253 vel
742 3190 853 3256 consul
875 3192 926 3255 111
952 3193 1128 3259 1111111111

119 3300 257 3362 semper,
298 3281 480 3378 1111111111
516 3278 718 3341 consulatum
753 3278 830 3342 fuit!
888 3278 957 3355 Quo
1000 3282 1129 3365 quidem
1142 3307 1165 3349 11

119 3372 250 3432 auctore
285 3387 344 3430 nos
380 3365 444 3448 ipsi
481 3387 519 3429 ea
556 3366 728 3449 gessimus,
764 3369 801 3431 ut
837 3367 988 3432 omnibus
1020 3371 1131 3453 potius

58 3476 212 3537 capuam
244 3454 326 3537 ipsis
358 3453 453 3518 nobis
487 3454 748 3518 consuluerimus.
796 3453 843 3518 At
871 3477 967 3538 quam
994 3459 1132 3541 pulchre
