2346 3876
241 179 308 234 Llss.
327 180 348 234 1.
377 179 453 234 οΑΡ.
475 187 595 236 11-19.
624 186 779 246 §co-44.
949 183 1015 248 295

24 343 101 406 ,lam
125 362 202 406 vcro
229 341 373 406 funditus
401 342 551 406 eiciamus
579 342 818 408 individuorum
843 366 1013 428 corporum
1031 357 1066 406 42

24 430 126 495 avium
150 433 183 494 et
206 430 416 494 rotundorum
440 431 679 496 concursionem
707 431 888 517 fortuitam,
917 456 1013 518 quam

24 539 117 582 amen
135 517 339 583 Democritus
358 518 610 584 concalefactam
630 523 663 583 et
686 520 885 603 spirabilem,
907 521 941 584 id
964 527 1014 586 est

24 606 195 689 nimalem,
228 627 297 671 esse
327 607 406 671 volt.
459 606 491 671 Is
521 611 628 672 autem
658 609 798 691 animus,
826 609 881 692 qui
909 609 937 672 si
964 614 1014 674 est

26 711 122 758 orum
151 697 304 777 quattuor
331 715 497 780 generum,
528 695 706 779 exquibus
734 697 842 760 omnia
865 700 1014 760 constare

24 784 170 866 iouutur,
194 804 232 847 ex
250 782 450 848 inflammata
468 783 577 848 anima
596 787 736 868 constat,
754 788 791 848 ut
808 784 1014 868 potissimum

24 870 108 935 idari
131 870 224 934 video
248 870 417 955 Banactio,
443 872 608 955 superiora
632 875 782 955 capessat
802 893 932 936 necesse
956 876 1014 937 est.

24 957 99 1022 lihil
122 959 209 1022 enim
231 958 353 1023 habent
375 958 455 1022 hacc
483 959 546 1023 duo
574 979 693 1043 genera
720 961 814 1044 proni
843 964 876 1025 et
899 983 1014 1044 supera

24 1067 135 1128 emper
156 1049 279 1130 petunt.
323 1045 388 1130 lta,
412 1047 479 1111 sive
503 1047 715 1131 dissipantur,
739 1048 852 1131 procul
876 1071 895 1113 a
916 1051 1012 1113 terris

24 1133 37 1197 1
56 1134 175 1216 evenit,
195 1134 263 1199 sive
281 1138 471 1218 permanent
490 1139 522 1199 et
541 1139 732 1200 conservant
747 1137 897 1201 habitum
911 1160 1013 1215 suum,

24 1243 66 1287 oc
95 1222 193 1286 etiam
222 1222 325 1307 magis
352 1244 483 1287 necesse
512 1227 561 1287 est
586 1223 733 1288 ferantur
760 1225 800 1289 ad
831 1225 953 1289 caelum
980 1230 1013 1290 et

24 1311 46 1374 b
74 1309 118 1373 iis
146 1314 373 1393 perrumpatur
400 1315 433 1375 et
461 1311 621 1375 dividatur
648 1333 775 1376 crassus
802 1313 854 1376 hic
883 1317 915 1377 et
940 1336 1013 1380 con·

24 1401 111 1462 retus
143 1402 208 1478 atr,
242 1399 297 1482 qui
336 1402 384 1464 cst
415 1402 518 1463 terrae
553 1399 727 1483 proximus.
786 1398 929 1465 Oalidior
965 1406 1015 1468 est

24 1487 93 1550 nim
116 1487 168 1551 vel
191 1487 299 1570 potius
323 1487 486 1551 ardentior
510 1487 651 1571 animus,
678 1508 775 1570 quam
803 1493 853 1553 est
874 1488 927 1553 hic
950 1494 1014 1574 a'e'r,

24 1595 101 1657 uem
130 1574 226 1639 modo
255 1575 321 1639 dixi
345 1597 486 1640 crassum
515 1578 611 1660 atque
639 1579 836 1659 concretum,
866 1577 951 1659 quod
975 1600 1014 1641 ex

24 1686 42 1729 o
77 1662 154 1728 sciri
186 1666 308 1747 potest,
343 1663 419 1746 quia
451 1685 586 1747 corpora
617 1666 731 1728 nostra
766 1667 895 1728 terreno
927 1665 1013 1747 prin·

24 1751 163 1835 ipiorum
192 1771 308 1835 genere
336 1751 482 1816 confecta
510 1752 624 1817 ardore
652 1753 753 1816 animi
778 1752 1012 1817 concalescunt.

71 1839 228 1922 Accedit,
242 1844 280 1903 ut
299 1861 336 1904 eo
359 1839 487 1904 facilius
506 1839 632 1904 animus
652 1839 768 1904 evadat
790 1862 829 1904 ex
850 1839 913 1904 hoc
932 1845 1013 1925 abre,
1025 1811 1065 1937 ἒξ

24 1949 100 2012 >uem
135 1949 230 2010 saepe
261 1928 326 1992 iam
359 1928 501 2012 appello,
534 1949 670 2013 eumque
701 1932 897 2012 perrumpat,
928 1930 1013 2013 qnod

24 2016 89 2080 ,ihil
122 2018 172 2080 est
202 2015 310 2080 animo
342 2016 497 2099 velocius3
529 2016 619 2080 nulla
651 2021 702 2081 est
734 2017 894 2101 celeritas,
932 2039 1014 2101 quae

24 2105 109 2169 ussit
133 2125 204 2168 cum
228 2104 328 2168 animi
356 2104 520 2172 celeritate
550 2106 751 2171 contendere.
802 2104 864 2182 Qui
891 2105 920 2169 si
942 2115 1014 2189 per*

24 2196 117 2258 sanct
135 2193 339 2277 incorruptus
358 2193 470 2278 suique
490 2193 619 2278 similis,
643 2215 773 2259 necesse
793 2199 842 2258 est
860 2195 908 2258 ita
930 2194 1013 2259 fera-

24 2303 71 2364 ur,
93 2283 133 2344 ut
153 2284 300 2363 penetret
323 2286 357 2346 et
379 2282 501 2346 dividat
523 2303 618 2347 omne
642 2282 766 2347 caelum
788 2282 863 2365 hoc,
890 2282 925 2345 in
948 2303 1012 2365 quo

24 2370 122 2453 ubas,
145 2370 264 2434 imbres
287 2371 437 2454 ventique
461 2373 633 2455 coguntur,
656 2371 741 2453 quod
760 2373 792 2434 et
812 2369 956 2433 umidum
980 2375 1013 2434 et

24 2457 218 2544 uliginosum
250 2463 300 2523 est
330 2462 462 2543 propter
495 2458 716 2523 exhalationes
748 2461 862 2521 terrae.
908 2456 1013 2531 Quam

24 2547 171 2632 cgiouem
203 2569 274 2612 cum
303 2548 466 2630 superavit
495 2546 621 2611 animus
647 2547 860 2627 naturamque
891 2545 940 2608 sui
969 2544 1010 2607 si-

24 2636 116 2701 cilem
140 2635 279 2719 contigit
302 2638 334 2698 et
357 2635 524 2719 adgnovit,
547 2634 664 2699 iunctis
683 2655 721 2696 ex
741 2632 849 2696 anima
870 2632 960 2696 tenui
979 2636 1012 2696 et

24 2748 41 2788 x
74 2724 190 2788 ardore
222 2723 299 2788 solis
330 2725 510 2805 temperato
543 2721 672 2806 ignibus
703 2719 827 2784 insistit
853 2722 887 2783 ct
915 2719 1012 2783 finem

24 2813 104 2876 ltius
133 2832 167 2875 se
195 2810 354 2876 ecferendi
380 2809 467 2874 facit.
519 2807 600 2874 (lum
628 2809 713 2873 enim
741 2808 790 2872 sui
819 2807 957 2871 similem
981 2812 1014 2872 ct

24 2901 174 2965 avitatcm
202 2904 235 2963 et
262 2899 414 2963 calorem·
431 2897 564 2980 adeptus
592 2901 647 2975 est,
678 2899 846 2979 tamquam
877 2896 1012 2980 paribus

24 2988 207 3054 saminatus
239 2986 434 3070 ponderibus
465 2985 590 3049 nullam
625 2985 661 3049 in
696 2987 820 3068 partem
855 2986 1013 3065 movetur,

24 3097 105 3161 aque
139 3075 169 3139 ei
202 3074 328 3138 demum
359 3072 517 3138 naturalis
555 3077 604 3136 est
641 3071 747 3156 sedes,
783 3093 855 3136 cum
889 3072 930 3136 ad
962 3073 1012 3137 sui

24 3164 112 3229 imile
144 3162 338 3246 penetravit3
369 3161 403 3224 in
435 3181 498 3244 quo
530 3159 621 3223 nulla
652 3181 687 3223 re
720 3180 816 3244 egens
845 3160 949 3224 aletur
979 3162 1013 3224 et

24 3250 241 3318 ustentabitur
269 3249 372 3314 isdem
398 3248 508 3332 rebus,
537 3248 653 3332 quibus
677 3250 766 3312 astra
789 3248 1012 3312 sustentantur

24 3346 36 3406 t
54 3340 196 3404 aluntur.
233 3335 377 3421 Oumque
401 3336 545 3419 corporis
567 3334 693 3399 facibus
714 3335 907 3398 inflammari
930 3335 1010 3397 sole·
1030 3350 1066 3399 44
1107 3384 1112 3391 .

24 3450 97 3493 mus
121 3426 162 3491 ad
185 3426 287 3490 omnis
317 3425 385 3488 fero
408 3423 600 3508 cupiditates
624 3443 724 3506 eoque
747 3421 851 3505 magis
875 3421 1011 3502 incendi,

23 3515 90 3582 uod
113 3515 154 3580 iis
174 3514 384 3595 aemulemur,
408 3511 463 3596 qui
482 3533 520 3576 ea
537 3510 694 3593 habeant,
717 3529 797 3593 quae
816 3529 874 3572 uos
891 3507 1013 3572 habere
