2346 3876
304 162 372 217 um.
391 163 412 218 1.
440 162 518 220 (ιιι).
537 169 567 233 e,
587 168 628 218 ro.
656 167 812 229 sao-ss.
1002 162 1065 227 105

49 324 182 390 dolores
217 327 250 390 et
281 346 361 410 quas
393 325 562 391 molestias
594 324 759 408 excepturi
791 326 871 410 sint,
903 327 1065 391 occaecati

50 412 233 496 cupiditate
256 434 322 478 non
342 413 527 498 provident,
550 413 712 498 similique
731 415 806 477 sunt
826 413 860 477 in
880 415 987 497 eulpa,
1009 416 1064 498 qui

51 500 161 566 offieia
184 502 338 566 deserunt
355 501 497 568 mollitia
514 502 627 584 animi,
648 502 683 566 id
706 505 756 566 est
779 501 929 566 laborum
951 504 984 566 et
1008 502 1061 567 do·

52 588 159 655 lorum
192 589 282 674 fuga.
326 588 371 655 Et
394 588 510 655 harum
537 589 668 674 quidem
694 611 801 653 rerum
822 589 931 654 facilis
954 593 1005 654 est
1032 596 1065 655 et

17 701 29 742 ι
53 677 207 761 expedita
228 678 404 744 distinctio.
448 677 533 745 Nam
555 677 656 743 libero
680 682 839 761 tempore,
862 699 934 743 eum
958 678 1066 744 soluta

53 767 147 831 nobis
176 769 230 831 est
256 766 397 850 eligendi
423 766 528 850 optio,
557 786 693 849 eumque
719 765 803 830 nihil
825 766 973 850 impedit,
1001 787 1064 850 quo

54 854 160 919 minus
194 853 242 937 id,
279 854 364 937 quod
402 854 541 919 maxime
573 854 717 938 placeat,
753 853 859 918 faeere
894 854 1068 937 possimus,

56 941 159 1007 omnis
182 943 334 1026 voluptas
358 942 550 1008 assumenda
572 946 635 1025 est,
663 942 768 1006 omnis
789 941 882 1007 dolor
907 942 1065 1026 depellen-

56 1029 121 1095 dus.
176 1029 391 1114 Temporibus
423 1033 479 1096 aut
481 1052 532 1095 em
566 1029 758 1114 quibusdam
790 1033 825 1094 et
856 1034 912 1097 aut
897 1030 1065 1096 toffieiis

25 1143 46 1183 ιι
56 1116 173 1183 debitis
198 1121 255 1182 aut
275 1140 384 1183 rerum
410 1118 660 1184 necessitatibus
688 1139 784 1201 saepe
813 1119 951 1203 eveniet,
973 1122 1011 1184 ut
1034 1122 1068 1184 et

56 1207 240 1290 voluptates
271 1206 489 1290 repudiandae
521 1207 653 1273 sintet
638 1206 812 1271 tt'moles
788 1209 853 1270 trae
883 1229 950 1273 non
977 1229 1065 1272 reeu-

58 1294 182 1361 sandes
230 1293 345 1379 Itaque
373 1316 484 1360 earum
510 1317 619 1360 rerum
645 1294 742 1359 hiet
727 1297 817 1360 ttene
818 1317 855 1359 ur
878 1319 898 1360 a
920 1295 1066 1380 sapiente

58 1381 205 1461 dilectus,
233 1385 271 1447 ut
298 1386 355 1447 aut
340 1383 546 1448 traiciendis
576 1383 690 1466 volupt
675 1382 798 1448 tatibus
821 1383 960 1448 maiores
985 1384 1065 1449 alias

60 1475 268 1554 oonsequatur
296 1473 354 1538 aut
379 1470 577 1555 perferendis
609 1470 775 1536 doloribus
808 1473 989 1555 asperiores
1019 1494 1067 1536 re·

31 1558 165 1641 apellat.
214 1558 309 1625 Hane
335 1578 397 1644 ego
424 1581 497 1624 eum
516 1562 652 1645 teneam
679 1559 888 1642 sententiam,
917 1559 993 1643 quid
1016 1565 1066 1626 est
1085 1573 1119 1621 34

61 1668 113 1712 cur
134 1668 261 1730 verear,
283 1668 325 1712 ne
347 1648 478 1713 adeam
496 1669 563 1712 non
584 1648 707 1732 possim
726 1647 969 1713 accommodare
987 1646 1065 1712 Tor·

62 1738 173 1818 quates
195 1735 347 1801 nostros?
374 1739 513 1821 questu
542 1736 640 1819 paulo
669 1739 744 1800 ante
774 1756 847 1799 eum
869 1735 1067 1819 memoriter,

61 1825 127 1888 tum
149 1823 249 1889 etiam
271 1844 351 1908 erga
371 1845 432 1889 nos
452 1824 554 1890 amiee
577 1827 610 1889 et
637 1823 787 1890 benivole
809 1823 985 1908 collegisti,
1008 1845 1067 1889 nee

63 1931 108 1975 me
130 1914 240 1977 tamen
261 1911 431 1977 laudandis
450 1912 627 1978 maioribus
645 1912 726 1976 meis
745 1912 918 1995 corrupisti
936 1933 995 1977 nee
1018 1935 1066 1977 se-

34 1999 205 2081 agniorem
233 2001 274 2064 ad
299 2000 561 2085 respondendum
587 1999 765 2064 reddidisti.
810 1999 954 2076 Quorum
979 2000 1067 2065 faeta

64 2109 152 2170 quem
180 2088 221 2154 ad
247 2088 390 2168 modum,
418 2110 552 2174 quaeso,
579 2089 739 2172 interpret
724 2087 827 2152 taris‘?
879 2087 985 2154 Sicine
1011 2110 1067 2155 eos

65 2195 167 2241 oenses
194 2178 287 2242 aut
278 2199 313 2241 ιιι
341 2181 502 2242 armatum
528 2178 657 2242 hostem
683 2176 843 2260 impetum
872 2177 987 2242 fecisse
1011 2182 1067 2243 aut

65 2262 93 2326 in
123 2263 310 2329 liberast
276 2270 310 2329 at
312 2287 372 2350 que
404 2266 440 2330 in
471 2265 662 2351 sanguinem
694 2287 787 2330 suum
826 2267 895 2330 tam
930 2265 1066 2330 erudelis

64 2348 170 2438 tuisse,
189 2352 332 2418 nihiltut
355 2352 394 2418 de
416 2353 625 2434 utilitatibus,
651 2352 735 2418 nihil
762 2355 800 2417 ut
826 2352 866 2417 de
889 2354 1066 2418 commodis

36 2440 125 2505 asnis
152 2444 241 2525 aegit
217 2440 357 2506 tarent?
406 2439 452 2506 At
478 2442 511 2506 id
538 2464 578 2505 ne
600 2440 687 2505 ferae
710 2440 840 2526 quidem
862 2440 1000 2525 faciunt,
1029 2445 1067 2505 ut

65 2525 105 2592 ita
125 2533 222 2593 ruant
244 2530 354 2614 itaque
377 2531 521 2611 turbent
545 2533 594 2613 ut,
617 2550 728 2594 earum
745 2531 853 2593 motus
873 2530 907 2592 et
924 2529 1065 2611 impetus

65 2636 119 2698 quo
154 2617 353 2700 pertineant,
384 2639 451 2682 non
480 2618 514 2682 in
514 2579 719 2718 telldgamus3
753 2620 790 2681 tu
817 2620 886 2680 tam
915 2617 1064 2702 egregios

64 2703 143 2770 viros
176 2727 287 2771 censes
318 2708 393 2771 tant
394 2728 429 2771 as
460 2727 512 2770 res
541 2705 680 2790 gessisse
707 2705 776 2769 sine
803 2704 922 2770 eausa?
977 2703 1066 2780 Quae
1085 2723 1119 2772 35

64 2788 153 2858 fuerit
184 2815 296 2875 eausa,
326 2814 403 2860 mox
407 2793 615 2944 tvider03in
615 2796 704 2858 terea
730 2793 830 2858 hoet
815 2793 945 2877 tenebo,
973 2794 1002 2858 si
1025 2795 1066 2859 ob

35 2879 201 2966 saliquam
224 2903 356 2946 causam
377 2882 421 2946 ist
422 2905 454 2966 a,
478 2903 560 2966 quae
583 2882 652 2946 sine
675 2882 773 2947 dubio
793 2882 960 2965 praeclara
983 2885 1067 2968 sunt,

64 2966 205 3054 facerint,
227 2970 427 3035 virtutem
404 2992 445 3034 ns
467 2992 524 3054 per
548 2970 704 3053 seipsam
723 2991 852 3035 eausam
872 2992 937 3037 non
955 2971 1066 3037 fuisse.

66 3057 279 3142 -Torquem
302 3058 442 3123 detraxit
464 3057 620 3124 hosti.-
640 3056 685 3121 Et
703 3058 851 3142 quidem
847 3080 888 3123 se
910 3061 1002 3143 texit,
979 3064 1066 3124 tne

63 3143 272 3212 interiret-
293 3144 340 3211 At
358 3166 511 3230 magnum
533 3145 711 3230 perieulum
735 3146 824 3212 adiit
842 3146 943 3211 -In
964 3148 1066 3213 oeulis

63 3233 186 3314 quidem
209 3235 329 3299 exercit
330 3257 443 3300 us.-
401 3234 550 3310 -Quid
578 3257 616 3299 ex
645 3256 683 3300 eo
713 3239 763 3299 est
785 3234 1064 3300 consecutus?—

33 3317 199 3389 sLaudem
226 3326 259 3387 et
286 3324 468 3406 caritatem,
498 3344 578 3406 quae
601 3325 676 3387 sunt
698 3322 786 3388 vitae
811 3324 879 3388 sine
903 3325 969 3385 met
970 3342 991 3384 u
955 3321 1066 3385 t-de

62 3411 178 3492 gandae
205 3411 368 3495 praesidia
390 3411 585 3476 firmissima.
608 3447 651 3457 -
673 3408 794 3475 Filium
821 3413 925 3474 morte
893 3409 1052 3474 ttamul
1033 3432 1064 3474 a·

62 3497 111 3565 vie
133 3535 179 3546 -
201 3497 237 3565 Si
264 3499 335 3565 sine
358 3520 467 3586 eausa,
493 3500 617 3567 nollem
644 3519 696 3565 me
723 3499 765 3565 ab
788 3519 827 3564 eo
850 3500 977 3582 ortum,
996 3500 1074 3562 tam
