2346 3876
102 165 168 231 318
299 163 598 220 TUSCULANARUM
615 160 919 218 DISPUTATIONUM

103 328 131 390 si
153 348 240 390 mors
264 326 386 390 malum
410 326 465 409 sit,
494 347 564 389 esse
593 325 824 407 sempiternum
851 323 985 386 malum.
1031 320 1111 384 Nam

102 415 188 478 vitae
222 414 357 478 miserae
390 435 478 477 mors
509 413 582 477 finis
617 434 685 476 esse
717 412 856 494 videtur,
889 431 980 474 mors
1009 409 1037 472 si
1065 411 1110 470 est

104 503 236 584 misera,
259 501 333 565 finis
357 522 427 564 esse
449 500 558 564 nullus
581 504 698 583 potest.
736 497 798 563 Sed
821 497 897 581 quid
921 517 983 581 ego
1004 493 1107 560 Socra·

102 595 169 653 tem
201 593 259 653 aut
288 588 534 670 Theramenem,
569 587 764 671 praestantis
796 586 884 650 viros
917 584 1048 648 virtutis
1079 585 1107 645 et

104 677 281 759 sapientiae
314 676 431 761 gloria,
463 674 703 740 commemoro?
735 695 807 738 cum
840 672 1126 736 Lacedaemoniusr

103 765 248 848 quidam,
276 765 365 829 cuius
392 784 433 826 ne
455 784 575 827 nomen
599 763 728 846 quidem
750 761 920 845 proditum
944 763 1008 842 est,
1033 779 1103 822 mor·

102 856 169 914 tem
186 855 357 934 tantopere
376 850 615 933 contempserit,
633 854 678 932 ut,
701 871 774 915 cum
793 849 835 913 ad
854 870 928 913 eam
946 847 1102 912 duceretur

103 939 272 1003 damnatus
293 939 333 1002 ab
357 937 485 1020 ephoris
505 941 537 1001 et
556 941 642 1002 esset
664 937 756 1002 voltu
778 935 877 1000 hilari
900 939 998 1020 atque
1011 924 1102 1012 iacto,

103 1027 298 1109 dixissetque
318 1024 495 1109 siquidem
514 1025 676 1089 inimicus:
695 1022 990 1089 ‘Contemnisne
1007 1023 1101 1104 leges

103 1110 322 1196 Lycurgi?',
344 1112 559 1195 responderit:
592 1111 688 1197 ‘Ego
711 1133 802 1177 vero
824 1112 889 1176 illi
913 1111 1129 1174 maximamr

104 1200 271 1282 gratiam
300 1198 438 1282 habeo,
467 1200 532 1282 qui
562 1222 617 1263 me
648 1222 691 1265 ea
719 1220 844 1283 poena
875 1196 1102 1273 multaverit,

103 1307 213 1368 quam
236 1287 318 1349 sine
341 1287 583 1352 mutuatione
606 1290 644 1350 et
667 1287 749 1352 sine
772 1308 936 1351 versura
966 1303 1102 1368 possem

104 1372 338 1438 dissolvere?
384 1374 411 1438 Ο
435 1375 539 1439 virum
563 1373 681 1458 Sparta
704 1374 852 1458 dignum!
881 1378 921 1438 ut
943 1373 1024 1437 mihi
1045 1369 1102 1454 qui·

102 1460 187 1542 dem,
211 1462 266 1544 qui
284 1466 352 1525 tam
371 1481 491 1545 magno
511 1462 620 1527 animo
638 1462 750 1545 fuerit,
768 1462 925 1526 innocens
946 1461 1102 1526 damnatus

50 1560 98 1608 101
123 1568 194 1612 esse
229 1548 383 1613 videatur.
437 1549 527 1613 Talis
563 1548 809 1615 innumerabilis
847 1552 965 1614 nostra
1003 1546 1103 1612 civitas
1113 1563 1130 1602 1⁵

102 1636 187 1698 tulit.
240 1635 302 1700 Sed
333 1635 410 1719 quid
442 1636 538 1701 duces
570 1640 603 1700 et
632 1637 797 1721 principes
829 1638 1013 1719 nominem,
1043 1653 1105 1698 cum

102 1721 246 1804 legiones
266 1723 388 1788 scribat
406 1720 487 1787 Cato
506 1745 602 1807 saepe
626 1725 742 1789 alacris
762 1725 796 1789 in
814 1745 889 1788 eum
913 1725 1024 1789 locum
1044 1740 1105 1805 pro

101 1808 217 1890 sectas,
250 1810 333 1873 unde
364 1810 525 1875 redituras
559 1833 593 1875 se
624 1833 692 1876 non
724 1811 986 1877 arbitrarentur?
1042 1806 1106 1874 Pari

101 1895 211 1960 animo
242 1895 490 1961 Lacedaemonii
522 1900 556 1962 in
588 1899 815 1983 Thermopylis
848 1899 1051 1981 occiderunt,
1078 1896 1107 1957 in

102 2002 183 2062 quos
207 1981 403 2047 Simonides:
584 1983 586 1988 ’
969 2034 972 2043 .
1117 2000 1136 2041 a

84 2124 103 2159 s
167 2100 252 2184 Dic,
288 2104 441 2187 hospes,
479 2104 640 2190 Spartae
677 2131 746 2173 nos
790 2112 828 2172 te
857 2108 935 2173 hic
973 2108 1109 2175 vidisse

846 2197 1033 2278 iacentis,

212 2273 307 2338 Dum
331 2279 477 2342 sanctis
500 2282 653 2363 patriae
677 2282 831 2367 legibus
859 2283 1111 2368 obsequimur.

103 2409 201 2488 [Quid
238 2414 292 2477 ille
329 2416 393 2479 dux
428 2416 586 2483 Leonidas
624 2421 726 2485 dicit?
782 2421 959 2506 ‘Pergite
994 2415 1112 2488 animo

101 2496 209 2581 forti,
240 2498 550 2587 Lacedaemonii3
582 2507 694 2572 hodie
728 2508 827 2592 apud
859 2511 1014 2576 inferos
1045 2509 1113 2574 for·

101 2587 205 2685 tasse
234 2589 472 2654 cenabimus?
517 2591 595 2656 Fuit
616 2593 697 2658 haec
720 2614 800 2679 gens
823 2595 935 2680 fortis,
960 2597 1040 2662 dum
1061 2596 1143 2679 Ity-a

103 2688 192 2767 curgr
220 2673 308 2771 leges
338 2676 514 2758 vigebant]
568 2679 597 2743 Ε
627 2682 743 2764 quibus
772 2704 871 2766 unus,
902 2707 979 2749 cum
1008 2686 1115 2750 Perses

102 2753 206 2849 hostis
235 2780 269 2820 m
296 2762 466 2845 conloquio
494 2765 627 2830 dixisset
658 2769 820 2852 glorians:
855 2769 1005 2837 ‘Solem
1032 2791 1116 2857 prae

103 2841 316 2937 1aeulorum
334 2849 583 2914 multitudine
603 2858 640 2918 et
659 2857 898 2940 sagittarum
917 2882 997 2926 non
1018 2859 1116 2924 vide·

103 2923 231 3024 brtrs',
255 2926 314 2990 ‘In
337 2934 469 2999 umbra
491 2938 644 3024 igitur',
673 2944 795 3028 inquit,
819 2943 1117 3030 ‘pugnabimus'

52 3021 101 3068 102
125 3007 237 3108 V1ros.
255 3033 484 3111 commemoro,
517 3026 623 3106 qualis
656 3028 789 3094 tandem
827 3030 1003 3099 Lacaena?
1041 3053 1147 3120 quaen

103 3115 174 3156 cum
193 3095 294 3159 filium
313 3121 348 3196 m
360 3108 521 3183 proelium
535 3113 676 3177 misisset
689 3119 723 3178 et
740 3119 952 3185 interfectum
968 3123 1119 3203 audisset,

103 3178 296 3279 ‘Idcircoss
324 3190 441 3273 lnquit,
470 3192 707 3285 ‘genueram
737 3209 779 3268 ut
806 3214 927 3291 esset,
955 3211 1023 3292 qui
1054 3229 1118 3295 pro

102 3268 230 3346 patna
252 3274 411 3338 mortem
433 3300 508 3344 non
531 3282 730 3353 dubitaret
753 3296 1011 3361 occumbere’.

50 3354 92 3416 43
126 3435 132 3448 ι
168 3350 263 3450 Esto,
294 3354 394 3457 fortes
428 3369 460 3427 et
492 3367 563 3432 duri
596 3370 795 3461 Spartiatae,
828 3403 989 3467 magnam
1023 3384 1120 3449 habet

102 3457 165 3498 urm
188 3441 405 3522 respubhoae
429 3450 608 3536 disciplina.
645 3460 751 3536 Quid?
789 3463 995 3550 Cyrenaeum
1018 3472 1116 3537 Theo·
1130 3487 1147 3530 n
