2346 3876
267 161 334 218 LIB.
353 163 386 217 V.
414 162 681 220 ARGUMENTUM.
711 163 831 222 CARI.
860 171 918 232 51.
1032 167 1098 232 235

85 322 202 376 tuemur
230 320 265 376 iis
290 321 402 389 officiis,
431 339 502 391 quae
531 323 657 379 oriuntur
680 324 837 379 virtmibus.
875 327 994 382 Virtutis
1017 345 1097 396 prae·

86 391 225 446 stantiam
244 392 292 460 qui
305 409 362 448 non
374 393 484 461 vident,
503 393 524 448 ii
542 397 639 449 tamen
652 395 742 464 gloria
756 398 911 464 moventur,
926 414 997 465 quae
1011 398 1099 452 habet

87 461 304 516 similitudinem
321 463 487 518 honestatis.
524 464 566 518 Ex
584 465 688 519 virtute
708 468 736 520 et
755 465 879 535 corporis
904 468 984 522 bonis
1004 486 1097 522 eumu-

85 533 164 586 latur
188 535 217 586 et
240 533 397 588 absolvitur
419 536 574 588 extremum
593 537 622 588 et
640 554 777 590 summum
800 537 916 605 bonurn,
936 539 985 592 sed
1002 539 1097 594 tamen

85 604 200 656 tentum
223 604 323 658 ceteris
346 604 435 659 virtus
458 606 596 673 praestat,
615 608 660 672 ut,
686 607 734 673 qui
753 622 816 661 eam
832 607 969 676 habeant,
988 625 1098 678 semper

86 673 146 728 sint
167 673 246 728 beati
270 677 341 744 (cap.
365 677 417 742 24).
459 676 500 728 Ex
518 677 572 729 hae
597 676 682 744 plena
704 679 733 731 et
759 676 885 745 perfecta
910 678 1096 747 explicatione
1131 694 1134 704 ·

86 744 191 798 summi
213 744 280 798 boni
304 744 354 800 elii
375 745 538 814 philosophi
562 746 715 815 particulas
743 749 878 814 quasdam
906 749 1096 818 adripuerunt,

87 814 178 869 Stoici
197 815 291 869 omnia
309 816 346 870 ad
366 832 394 870 se
413 816 529 871 mutatis
547 816 706 871 nominibus
724 818 928 872 transtulerunt
946 822 1018 889 (cap.
1042 824 1096 889 25).

86 885 132 939 Ad
154 885 239 938 finem
264 887 401 966 perducta
424 886 532 940 Pisonis
558 886 747 955 disputatione
770 887 806 942 M.
834 888 930 943 Cicero
954 890 1044 944 vereri
1067 908 1096 944 se

88 955 172 1022 dicit,
195 958 227 1010 ut
244 958 332 1010 virtus
355 957 469 1011 beatam
487 956 576 1011 vitani
594 957 704 1012 efficere
722 959 824 1026 possit,
843 959 880 1027 si,
904 962 936 1013 ut
953 960 1095 1029 Peripate-

87 1026 139 1108 tici
156 1028 270 1107 putent,
290 1027 346 1108 alia
365 1028 440 1108 bona
458 1029 486 1081 et
505 1028 581 1081 mala
596 1027 655 1110 sint
672 1031 792 1110 praeter·
802 1030 979 1112 honestatem
993 1033 1022 1112 et
1038 1033 1095 1112 tur-

86 1097 664 1249 tblttssrltstlllsatlfl
679 1099 1096 1240 lusistislusistis

86 1237 278 1307 appellentur,
305 1255 375 1305 quae
403 1256 421 1292 a
448 1238 645 1306 Peripateticis
672 1240 748 1294 mala
775 1241 846 1310 (cap.
871 1245 924 1309 26).
970 1242 1097 1297 Ciceroni

87 1307 180 1363 Stoici
198 1308 401 1362 constantiores
419 1309 550 1363 videntur
567 1325 619 1363 nec
637 1310 722 1364 beato
742 1310 888 1379 quisquam
908 1313 1017 1367 beatior
1035 1328 1095 1366 esse

85 1394 171 1447 posse
190 1379 262 1447 (cap.
282 1385 315 1432 27
334 1381 364 1433 et
381 1382 434 1447 28).
466 1381 564 1446 Itaque
578 1379 643 1433 Piso
662 1397 736 1434 novo
755 1385 866 1450 sumpto
885 1382 999 1437 exordio
1018 1385 1095 1452 post-

86 1466 174 1517 quam
192 1464 302 1502 omnem
320 1449 530 1518 philosophiam
552 1448 582 1502 in
599 1449 659 1504 vita
679 1451 764 1505 beata
783 1453 973 1520 comparanda
990 1453 1096 1508 versari

86 1518 221 1587 ostendit,
236 1519 345 1574 Stoicos
359 1521 446 1589 negat
458 1520 538 1574 novis
554 1519 713 1574 nominibus
726 1521 944 1575 inconstantiam
958 1521 1096 1592 effugisse,

86 1589 112 1644 si
137 1607 193 1659 qna
220 1588 305 1644 fuerit
327 1590 402 1659 apud
424 1592 535 1644 veteres
558 1592 630 1660 (cap.
655 1593 713 1659 29),
743 1591 793 1644 sed
815 1590 1017 1659 Peripateticos
1043 1593 1097 1647 sihi

85 1661 230 1724 constare;
248 1676 338 1728 neque
357 1661 430 1714 enim
450 1676 498 1715 eos
516 1661 579 1728 illa,
604 1677 675 1729 quae
700 1661 772 1714 bona
791 1661 915 1729 corporis
934 1664 964 1715 et
982 1664 1095 1717 externa

85 1730 246 1800 appellent,
264 1730 352 1800 pluris
371 1731 533 1800 aestimare,
560 1747 643 1798 quam
663 1731 752 1785 Stoici
771 1732 918 1785 commoda
936 1732 1095 1801 aestiment,
1142 1791 1146 1804 ,

84 1804 129 1870 et,
148 1803 181 1854 ut
199 1803 309 1855 ceterae
327 1817 371 1855 res
390 1817 424 1855 ex
441 1801 594 1871 praecipua
611 1804 693 1870 parte
713 1802 901 1870 appellentur,
925 1802 966 1856 sic
988 1803 1049 1856 fieri
1066 1804 1096 1857 in

83 1871 189 1926 beatae
208 1871 284 1925 vitae
303 1871 499 1927 aestimatione
514 1874 544 1926 et
557 1872 748 1941 appellatione
763 1874 835 1941 (cap.
851 1875 905 1941 30).
935 1873 1096 1941 Sapientem

84 1940 151 2010 plus
168 1940 236 1996 boni
254 1942 372 2009 habere,
396 1960 459 1997 cum
481 1942 615 1996 virtutem
637 1943 754 2010 habeat,
777 1959 829 1998 neo
852 1945 948 1997 tamen
968 1943 1095 1998 omnibus

84 2010 170 2066 malis
189 2029 299 2080 semper
316 2012 436 2067 liberum
455 2029 514 2066 esse
533 2015 604 2080 (cap.
625 2016 759 2082 31-32).

160 2082 256 2136 Sermo
274 2082 386 2136 habitus
409 2083 524 2153 fingitur
541 2084 624 2150 (anno
644 2100 667 2137 a.
688 2083 750 2137 Chr.
769 2102 796 2138 n.
816 2087 873 2152 79),
895 2101 950 2151 quo
968 2086 1095 2154 tempore

84 2152 185 2208 Cicero
209 2155 274 2221 post
297 2152 488 2207 defensionem
514 2153 575 2207 Sex.
594 2153 690 2207 Roscii
708 2171 737 2207 se
755 2154 924 2209 valetudinis
944 2157 973 2209 et
990 2156 1095 2210 studio·

83 2241 149 2278 rum
167 2222 300 2280 oausain
319 2222 464 2278 Graeciam
483 2225 641 2278 contulerat
660 2225 689 2277 et
706 2224 890 2280 Athenis-sex
908 2243 1017 2280 menses
1032 2243 1095 2280 cum

83 2293 226 2349 Antiocho
249 2292 304 2346 fuit
327 2293 503 2364 studiumque
527 2294 723 2363 philosophiae
749 2312 766 2349 a
790 2294 880 2363 prima
904 2295 1095 2349 adulescentia

83 2365 194 2420 cultum
211 2364 266 2418 hoc
280 2366 394 2418 auctore
409 2366 438 2418 et
452 2365 566 2419 doctore
582 2364 730 2419 renovavit
748 2365 835 2432 (Brut.
851 2370 892 2418 91.
908 2370 969 2432 315,
988 2366 1023 2419 de
1037 2368 1093 2419 nat.

83 2436 112 2490 d.
131 2435 146 2488 I
163 2441 192 2490 3.
208 2441 238 2502 6,
256 2434 329 2487 Plut.
348 2434 397 2489 vit.
417 2433 472 2489 cic.
492 2437 528 2504 4).

153 2629 235 2695 Cum
268 2631 428 2695 audissem
465 2630 677 2715 Antiochum,
716 2629 829 2713 Brute,
866 2633 903 2694 ut
939 2630 1093 2712 solebam,
1114 2609 1142 2670 s

83 2741 159 2785 cum
191 2718 234 2783 M.
265 2717 382 2783 Pisone
410 2720 444 2783 in
471 2741 508 2783 eo
537 2719 723 2803 gymnasio,
755 2717 841 2801 quod
869 2688 1127 2782 Ptolomaeum1

83 2809 231 2889 vocetur,
258 2828 385 2890 unaque
407 2807 575 2871 nobiscum
599 2806 635 2882 Q.
658 2806 757 2870 frater
781 2809 814 2869 et
836 2805 872 2869 T.
895 2805 1092 2890 Pomponius

83 2894 268 2977 Luciusque
295 2894 420 2978 Cicero,
446 2895 548 2958 irater
574 2898 685 2958 noster
712 2893 903 2977 cognatione
926 2893 1094 2977 patruelis,

55 3004 196 3050 samore
219 3003 404 3066 germanus,
433 2982 659 3047 constituimus
682 2982 767 3045 inter
789 3003 863 3065 nos,
890 2985 927 3045 ut
949 2983 1093 3046 ambula-

82 3072 210 3135 tionem
245 3070 531 3152 postmeridianam
570 3069 795 3134 conficeremus
837 3070 872 3132 in
909 3069 1092 3151 Academia,

82 3158 225 3223 maxime
258 3158 343 3241 quod
374 3158 402 3221 is
434 3157 524 3222 locus
558 3157 598 3220 ab
632 3157 719 3221 omni
750 3157 846 3221 turba
877 3157 909 3220 id
939 3155 1092 3238 temporis

82 3268 204 3311 vacuus
229 3247 323 3309 esset.
372 3245 485 3329 Itaque
513 3245 554 3309 ad
580 3249 706 3328 tempus
736 3245 775 3308 ad
798 3243 948 3308 Pisonem
973 3263 1092 3307 omnes.

81 3334 161 3398 lnde
198 3333 288 3398 vario
326 3354 472 3397 sermone
505 3353 559 3396 sex
591 3332 649 3396 illa
680 3355 700 3396 a
730 3330 850 3415 Dipylo
884 3330 986 3393 stadia
1018 3351 1091 3395 con·

43 3449 68 3488 ιο
81 3422 228 3486 fecimus.
278 3418 359 3485 Oura
388 3425 496 3485 autem
522 3419 722 3484 venissemus
750 3420 785 3481 in
812 3417 1003 3482 Academiae
1026 3438 1092 3480 non

82 3511 152 3575 sine
180 3529 278 3573 eausa
305 3508 478 3589 nobilitata
506 3509 628 3593 spatia,
656 3505 799 3573 solitudo
827 3508 900 3570 erat
920 3526 977 3588 sa,
999 3523 1104 3586 uuam
