2356 3870
102 181 168 248 386
299 180 598 236 TUSCULANARUM
614 179 916 236 DISPUTATIONUM

101 343 291 408 terminabit
313 342 458 425 modum3
485 343 536 406 sin
564 342 756 426 opinabiles,
784 342 892 426 opinio
923 345 997 405 tota
1018 341 1111 406 tolla·

102 436 164 495 tur.
218 427 305 494 Satis
337 430 458 494 dictum
490 451 560 494 esse
592 430 733 496 arbitror
769 429 1005 514 aegritudinem
1041 451 1111 494 esse

103 519 290 602 opinionem
308 518 386 582 mali
403 518 595 601 praesentis,
619 518 735 602 inqua
753 518 904 601 opinione
922 516 1005 581 illud
1023 518 1109 600 insit,

68 628 83 674 5
102 610 140 671 ut
162 606 580 691 aegritudinemrsuseipere
603 608 761 688 oporteat.
801 604 941 670 Additur
964 604 1006 668 ad
1027 604 1109 670 hano

103 694 323 758 definitionem
347 715 368 757 a
389 691 517 757 Zenone
538 696 638 775 recte,
660 697 697 756 ut
718 694 778 757 illa
795 692 906 776 opinio
927 693 1129 775 praesentiae

102 782 179 845 mali
199 782 241 845 sit
259 801 378 846 recens.
414 778 486 845 Hoc
505 782 613 844 autem
632 782 763 845 verbum
782 781 828 845 sic
846 782 1108 863 interpretantur,

102 873 139 933 ut
164 891 229 934 non
256 871 384 932 tantum
411 867 491 931 illud
518 889 630 932 recens
658 890 728 933 esse
755 868 870 952 velint,
898 867 986 952 quod
1012 868 1107 951 paulo

103 959 178 1021 ante
201 956 365 1038 acciderit,
389 955 457 1038 sed,
480 977 577 1039 quam
600 956 655 1020 diu
673 957 707 1020 in
724 956 782 1022 illo
804 957 935 1040 opinato
955 957 1043 1020 malo
1061 956 1107 1020 vis

103 1044 259 1127 quaedam
289 1044 381 1120 insit,
407 1047 444 1106 ut
469 1045 578 1126 vigeat
605 1047 638 1106 et
663 1043 784 1109 habeat
810 1043 972 1129 quandam
1001 1043 1107 1108 viridi·

101 1135 216 1214 tatem,
237 1136 307 1195 tarn
330 1130 384 1194 diu
408 1130 586 1213 appelletur
608 1152 727 1196 recens.
771 1130 818 1196 Ut
840 1131 1019 1196 Artemisia
1042 1131 1136 1214 illan

101 1218 251 1301 Mausoli,
263 1217 387 1283 ¹Cariae
405 1218 501 1301 regis,
524 1239 614 1301 uxor,
637 1241 719 1302 quae
735 1219 844 1284 nobile
862 1218 943 1283 sslud
961 1217 1107 1284 Halicar-

101 1305 175 1369 nasi
201 1305 279 1369 fecit
305 1305 498 1388 sepulcrum,
526 1327 622 1390 quam
650 1307 704 1370 diu
730 1306 824 1391 vixit,
847 1306 930 1370 vixit
957 1307 993 1370 in
1021 1307 1106 1373 luctu

102 1392 276 1478 eodemque
303 1394 400 1456 etiam
429 1393 575 1459 confecta
607 1395 782 1459 contabuit
835 1392 919 1458 Huic
952 1397 1025 1458 erat
1053 1395 1106 1459 illa

102 1481 214 1564 opinio
237 1480 355 1545 cotidie
375 1501 499 1565 recens3
523 1503 604 1564 quae
626 1485 696 1546 tum
718 1482 854 1565 denique
874 1502 943 1546 nen
967 1482 1105 1566 appella·

101 1572 156 1633 tur
177 1589 301 1652 reeens,
324 1591 396 1633 eum
419 1572 580 1633 vetustate
604 1570 739 1634 exaruit.
1116 1595 1134 1634 a

170 1656 258 1721 Haec
276 1657 378 1741 igitur
396 1656 504 1721 officia
522 1659 597 1721 sunt
615 1657 860 1735 consolantium,
877 1657 994 1721 tollere
1008 1658 1105 1744 aegri·

102 1744 246 1808 tudinem
268 1743 414 1808 funditus
439 1748 496 1809 aut
518 1744 630 1809 sedare
653 1750 710 1810 aut
732 1745 898 1810 detrahere
920 1765 1021 1829 quam
1043 1746 1106 1830 plu·

101 1852 229 1896 rumam
257 1836 313 1896 aut
341 1831 540 1915 supprimere
561 1853 620 1897 nec
642 1834 710 1916 pati
737 1853 868 1897 manare
894 1833 1027 1918 longius
1053 1836 1106 1898 aut

50 1940 83 1988 ‘le
103 1919 143 1983 ad
162 1919 228 1984 alia
244 1919 421 1984 traducere.
457 1917 539 1984 Sunt
561 1921 616 2004 qui
633 1943 734 1985 unum
752 1920 892 1985 officium
911 1921 1106 1987 consolantis

101 2011 218 2089 putent
249 2007 371 2071 malum
403 2006 484 2071 illud
515 2008 646 2072 omnino
677 2030 744 2073 non
775 2028 857 2085 esse,
887 2010 926 2072 ut
957 2007 1133 2074 Cleanthia

100 2095 220 2178 placet,
244 2097 320 2158 sunt
342 2095 481 2177 quinon
498 2115 653 2179 magnum
672 2096 808 2179 malum,
830 2100 868 2160 ut
885 2095 1105 2180 Peripatetici

102 2184 178 2245 sunt
210 2180 266 2264 qui
296 2182 459 2246 abducant
490 2203 510 2246 a
542 2183 635 2247 malis
668 2184 707 2248 ad
740 2184 837 2266 bona,
868 2187 906 2247 ut
933 2180 1104 2269 Epicuron

102 2274 178 2333 sunt
207 2269 262 2352 qui
284 2270 369 2336 satis
396 2273 513 2352 putent
539 2271 707 2335 ostendere
733 2270 815 2336 nihil
843 2271 1006 2354 inopinati
1030 2272 1103 2337 acci·

102 2356 200 2439 disse,
231 2361 267 2422 ut
298 2355 467 2439 Cyrenaici.
525 2354 725 2442 Chrysippus
761 2362 868 2423 eutem
904 2363 1006 2442 eaput
1041 2379 1104 2425 esse

102 2447 210 2510 censet
232 2445 268 2508 in
291 2444 487 2510 consolando
510 2445 678 2510 detrahere
700 2446 792 2510 illam
816 2445 1002 2530 opinionem
1025 2465 1131 2512 maen

100 2533 193 2616 renti,
213 2533 241 2597 si
259 2553 293 2597 se
312 2533 423 2598 officio
438 2533 531 2619 fungi
548 2536 641 2616 putet
657 2533 744 2599 iusto
763 2537 858 2617 atque
876 2533 998 2598 debito.
1030 2534 1103 2600 Sunt

101 2621 200 2685 etiam
214 2620 271 2705 qui
289 2620 369 2685 haec
383 2621 492 2684 omnia
506 2640 625 2705 genera
639 2621 827 2686 consolandi
839 2621 999 2706 colligant
1011 2621 1102 2706 (alius

102 2709 188 2772 enirn
207 2708 272 2773 alio
291 2708 387 2773 modo
405 2707 580 2795 movetur),
602 2711 640 2773 ut
663 2709 729 2773 fere
746 2729 806 2774 nos
824 2709 858 2773 in
876 2705 1102 2776 Consolatione

101 2796 210 2860 omnia
237 2795 271 2859 in
295 2795 550 2861 consolationem
572 2816 670 2861 unam
693 2796 898 2881 coniecimus3
929 2797 1101 2863 eratenim

100 2883 135 2945 in
153 2884 280 2946 tumore
299 2884 435 2966 animus,
454 2887 486 2948 et
505 2885 608 2948 omnis
627 2884 663 2948 in
678 2905 717 2948 eo
736 2884 958 2968 temptabatur
976 2886 1130 2950 curatiore

102 2967 164 3034 Sed
192 2969 382 3034 sumendum
409 2975 537 3056 tempus
567 2975 617 3036 est
644 2993 710 3036 nen
736 2972 844 3036 minus
869 2972 904 3037 in
927 2972 1101 3038 animorum

101 3057 223 3122 morbis
238 3058 381 3141 quanin
397 3079 579 3143 corporum3
598 3063 635 3124 ut
647 3059 859 3125 Prometheus
873 3059 931 3124 ille
945 3058 1102 3144 Aeschyli,

100 3145 152 3210 cui
175 3166 248 3209 cum
271 3145 393 3209 dictum
416 3150 514 3210 esset:

144 3265 276 3352 Atqui,
298 3266 540 3349 Prometheo,
562 3271 599 3332 te
622 3268 692 3333 hdo
715 3272 848 3334 tenere
871 3266 1064 3352 existimo,

143 3353 289 3421 Mede‘ri
311 3377 425 3440 posse
448 3356 637 3422 rationem
662 3356 906 3443 iracundiae,
1109 3372 1129 3415 ἥ

98 3496 279 3582 respondit:
335 3506 339 3513 ’
