2346 3876
312 144 381 200 ara.
400 143 434 200 11.
463 113 540 199 car.
559 149 589 212 s,
608 150 633 200 s.
661 147 816 209 saa-aa
1004 139 1068 209 lea

98 303 176 370 ineu
206 327 299 372 omne
336 306 478 371 studium
515 303 725 370 consumeret.
788 303 890 380 Quem
930 304 1070 370 libenter

97 412 195 458 cenasse
218 415 313 458 nemo
333 397 448 479 negat
504 389 569 457 Cur
595 394 696 478 igitur
722 415 788 458 non
819 392 923 458 bene?
978 391 1069 475 Quia,

96 481 156 563 quod
179 483 270 567 bena,
297 483 331 546 id
358 485 458 559 recte,
483 480 673 565 frugaliter,
704 481 853 563 honeste,
885 481 940 544 illa
971 502 1068 563 porro

95 567 189 654 [mle]
215 593 329 654 prave,
354 570 516 654 nequiter,
541 569 681 653 turpiter
703 569 853 651 cenabat;
880 590 946 634 non
968 569 1070 652 igitur

77 655 148 724 alem.
198 658 267 724 Nec
303 657 430 741 lapathi
469 658 663 723 suavitatem
701 657 889 741 acupenseri
926 655 1070 721 Gallonii

93 742 191 811 cacus
208 746 437 831 anteponebat,
455 746 511 810 sed
530 746 724 811 suavitatem
742 746 849 829 ipsam
862 745 1069 830 neglegebat3

93 835 152 916 quod
179 857 242 901 non
273 835 407 918 faceret,
439 834 467 898 si
498 835 533 898 in
563 835 732 917 voluptate
761 855 921 898 summum
948 834 1070 897 honum

91 928 203 1001 poneret

136 1009 330 1076 Semovenda
348 1013 399 1075 est
416 1011 517 1096 igitur
535 1011 698 1096 voluptas,
720 1032 786 1077 non
804 1011 909 1075 solum
927 1013 964 1074 ut
981 1012 1069 1074 recta
1095 1009 1114 1070 9

68 1100 254 1182 assequamini,
297 1099 354 1164 sed
394 1100 492 1163 etiam
533 1102 570 1163 ut
609 1100 698 1184 loqui
739 1098 850 1164 deceat
889 1098 1068 1183 frugaliter.

34 1260 36 1269 Ι
90 1183 276 1253 Possumusne
313 1207 391 1271 ergo
427 1187 463 1251 in
497 1187 567 1251 uita
602 1209 763 1252 summum
798 1187 921 1252 bonum
957 1187 1069 1270 dicere,
1088 1200 1121 1248 aa

34 1278 36 1307 ¹
91 1293 139 1340 cum
167 1276 199 1340 id
229 1297 270 1339 ne
302 1275 338 1339 in
369 1297 449 1339 cena
480 1275 608 1358 quidem
639 1297 734 1359 posse
760 1275 948 1340 videamur?
999 1273 1069 1350 Quo

89 1363 160 1429 nodo
177 1368 285 1429 autem
306 1363 518 1447 philosophus
537 1363 703 1449 loquitur?
740 1362 828 1427 ‘Tria
845 1384 962 1447 genera
982 1363 1069 1446 aupi-

89 1447 213 1530 caum,
245 1451 411 1516 naturales
444 1455 477 1516 et
507 1453 718 1529 necessariae,
750 1452 913 1516 naturales
946 1456 979 1515 et
1004 1472 1071 1515 non

63 1541 277 1623 1suecessariae‘,
302 1562 361 1604 neo
384 1540 548 1604 naturales
570 1561 629 1605 nec
656 1538 876 1604 necessariae?
925 1538 1069 1602 Primum

87 1623 411 1712 diuisitinelegante13
434 1627 496 1692 duo
520 1628 606 1692 enim
629 1649 749 1712 genera
768 1649 849 1711 quae
869 1631 970 1703 erant,
992 1626 1070 1690 fecit

55 1772 56 1776 ,
86 1714 138 1779 tria.
177 1717 250 1782 Hoc
274 1719 410 1781 estnon
433 1715 592 1798 dividere,
621 1716 677 1780 sed
703 1715 861 1799 frangere.
906 1714 967 1791 Qui
991 1713 1070 1778 haec

86 1800 251 1883 didicerunt,
270 1826 351 1888 quae
364 1805 420 1868 ille
435 1804 620 1887 contemnit,
639 1804 683 1868 sio
699 1804 819 1868 solent:
843 1800 932 1866 ‘Duo
951 1821 1071 1885 genera

84 1893 287 1974 cupiditatum,
308 1892 473 1957 naturales
496 1895 529 1956 et
546 1893 675 1975 inanes,
697 1891 895 1956 naturalium
917 1889 994 1973 duo,
1015 1912 1071 1954 ne·

55 1982 219 2046 caesariae
254 1984 288 2045 et
322 2003 387 2045 non
422 1978 644 2045 necessariae?
707 1977 863 2044 Confecta
893 2000 944 2042 res
977 1983 1071 2041 esset.

83 2063 223 2136 Vitiosum
256 2072 306 2133 est
337 2068 422 2132 enim
453 2068 487 2132 in
519 2067 689 2133 dividendo
726 2071 851 2151 partem
883 2067 919 2133 in
953 2086 1070 2151 genere

79 2175 238 2222 numerare.
276 2155 339 2221 Sed
356 2156 419 2221 hoc
438 2177 514 2220 sane
533 2156 758 2238 concedamus,
782 2155 962 2220 contemnit
985 2154 1069 2219 enim
1090 2175 1122 2222 aa

80 2241 241 2310 disserendi
276 2244 481 2329 elegantiam.
545 2242 685 2309 Confusa
720 2244 877 2327 loquitur;
914 2243 1071 2327 gerendus

78 2336 117 2396 est
141 2352 224 2417 mos,
250 2331 346 2397 modo
373 2335 460 2397 recte
488 2332 616 2397 sentiat.
665 2332 824 2417 Equidem
854 2331 935 2394 illud
965 2331 1072 2414 ipsum

48 2438 131 2485 anon
161 2421 298 2486 nimium
329 2421 431 2504 probo
465 2424 499 2485 et
530 2424 656 2484 tantum
688 2420 808 2504 patior,
841 2417 1072 2503 philosophum

75 2506 151 2592 loqui
177 2509 216 2574 de
246 2509 477 2592 cupiditatibus
505 2508 662 2573 finiendis.
707 2509 759 2573 An
782 2510 889 2591 potest
912 2506 1070 2588 cupiditas

74 2596 170 2662 finiri?
216 2596 371 2662 Tollenda
394 2600 445 2662 est
463 2600 558 2681 atque
577 2595 773 2661 extrahenda
791 2593 955 2659 radicitus.
992 2592 1071 2669 Quis

73 2690 115 2751 est
145 2687 244 2769 enim,
274 2686 309 2749 in
337 2707 400 2769 quo
432 2685 475 2749 sit
506 2684 680 2768 cupiditas,
711 2685 788 2768 quin
820 2685 906 2746 recte
939 2681 1072 2764 cupidus

72 2772 126 2838 diui
143 2772 270 2858 possit?
306 2772 396 2858 Ergo
416 2778 449 2837 et
467 2795 582 2838 avarus
602 2772 673 2855 erit,
687 2772 748 2836 ‘sed
766 2771 865 2853 finite,
885 2773 918 2833 et
938 2768 1072 2847 adulter,

41 2881 175 2927 avarum
202 2862 337 2926 habebit
368 2862 512 2945 modum,
547 2865 580 2925 et
610 2861 792 2924 luxuriosus
822 2858 935 2922 eodem
966 2858 1072 2923 modu.

70 2949 176 3026 Qualis
208 2951 272 3014 ista
299 2948 506 3032 philosophia
533 2953 596 3031 est,
628 2970 709 3031 quae
736 2969 802 3012 non
828 2947 995 3013 interitum
1026 2945 1073 3010 af·

68 3037 147 3104 ferat
163 3038 346 3122 pravitatis,
364 3037 420 3102 sed
434 3038 479 3101 sit
492 3040 644 3102 contenta
658 3036 880 3101 mediocritate
894 3034 1072 3100 vitiorum?

67 3126 264 3211 Quamquam
283 3126 318 3191 in
335 3126 397 3190 hac
421 3125 578 3189 divisione
596 3146 664 3188 rem
684 3124 789 3208 ipsam
808 3146 940 3207 prorsus
959 3122 1072 3207 probo,

65 3215 259 3301 elegantiam
282 3213 436 3278 desidero.
475 3212 627 3296 Appellat
649 3212 730 3276 haec
748 3212 906 3277 desideria
928 3215 1072 3292 naturae,

34 3304 249 3387 acupiditatis
276 3324 396 3367 nomen
424 3306 530 3366 servet
557 3301 636 3384 alio,
663 3304 700 3364 ut
726 3322 810 3383 eam,
837 3321 910 3364 cum
934 3298 972 3361 de
996 3318 1072 3359 ava-

63 3391 152 3475 ritia,
179 3412 253 3456 cum
280 3391 319 3455 de
346 3389 611 3472 intemperantia,
639 3409 711 3452 cum
738 3387 777 3451 de
804 3386 953 3450 maximis
982 3383 1071 3448 vitiis

61 3479 227 3567 loquetur,
247 3483 413 3563 tamquam
436 3477 552 3561 capitis
577 3478 713 3542 accuset.
756 3473 819 3540 Sed
841 3469 921 3537 haec'
944 3469 1072 3554 quidam
1090 3490 1125 3540 aa
