2356 3870
116 157 179 222 156
278 157 327 211 DE
345 157 490 212 FINIBUS
509 156 688 213 BONORUM
706 157 754 212 ΕΤ
772 157 956 213 MALORUM

116 342 238 402 surum,
272 320 357 405 quod
388 319 507 404 fragile
540 322 572 383 et
605 320 758 385 caducum
792 319 856 384 sit?
918 318 981 395 Qui
1016 324 1123 386 autem

116 409 239 472 diffidet
266 408 476 492 perpetuitati
502 408 661 473 bonorum
685 429 829 490 suorum,
855 407 973 479 timeat
994 430 1123 474 necesse

116 501 178 578 est,
214 518 255 560 ne
292 496 464 580 aliquando
501 496 628 560 amissis
665 497 729 560 illis
767 496 811 560 sit
842 495 948 560 miser.
1003 495 1123 562 Beatus

117 589 223 650 autem
243 607 312 649 esse
331 585 366 649 in
388 585 600 650 maximarum
623 605 730 649 rerum
753 584 870 649 timore
888 606 984 650 nemo
1008 589 1125 668 potest.

63 686 96 734 87
116 672 220 738 Nemo
258 673 359 758 igitur
394 694 464 737 esse
498 673 611 737 beatus
647 676 764 755 potest.
826 671 940 757 Neque
972 674 1061 737 enim
1091 674 1148 738 ine

118 763 227 845 aliqua
249 765 355 845 parte,
382 761 436 826 sed
463 760 499 824 in
520 761 736 844 perpetuitate
758 760 1005 844 temporis'vita
1029 762 1126 827 beata

117 850 179 914 dici
209 850 304 933 solet,
330 870 388 914 neo
415 847 600 932 appellatur
626 850 757 913 omnino
786 849 867 932 vita,
888 848 953 913 nisi
978 849 1127 914 confecta

117 943 213 1022 atque
246 938 408 1018 absoluta,
444 957 504 1001 nec
537 940 646 1020 potest
685 938 856 1022 quisquam
894 936 974 1001 alias
1011 938 1125 1003 beatus

117 1048 199 1106 esse,
236 1026 317 1091 alias
354 1027 465 1109 miser3
508 1025 564 1109 qui
600 1026 687 1089 enim
723 1025 922 1090 existimabit
957 1046 1055 1109 posse
1093 1048 1126 1091 se

117 1114 270 1179 miserum
298 1136 381 1198 esse,
407 1114 523 1178 beatus
548 1135 615 1178 non
642 1112 712 1177 erit.
760 1112 845 1178 Nam
872 1134 944 1177 cum
974 1119 1170 1198 susceptare

118 1203 217 1266 semel
244 1206 294 1267 est
320 1203 418 1267 beata
444 1202 525 1284 vita,
551 1203 619 1265 tam
647 1205 815 1284 permanet
841 1223 938 1285 qnam
967 1202 1041 1285 ipsa
1070 1203 1127 1266 illa

118 1291 260 1355 effectrix
287 1291 402 1354 beatae
428 1289 516 1355 vitae
544 1290 705 1372 sapientia
731 1311 835 1373 neque
864 1294 1031 1372 exspectat
1053 1291 1126 1354 ulti·

119 1400 205 1443 mum
233 1383 361 1461 tempus
389 1377 519 1459 aetatis,
547 1378 632 1460 quod
655 1375 776 1443 Croeso
806 1377 918 1442 scribit
940 1376 1124 1443 Herodotus

118 1469 325 1550 praeceptum
357 1489 376 1530 a
409 1464 534 1531 Solone.
590 1465 635 1528 At
666 1467 767 1546 enim,
800 1487 894 1551 quem
925 1466 966 1531 ad
995 1467 1124 1532 modum

117 1559 187 1619 tute
211 1555 352 1637 dicebas,
374 1559 473 1639 negat
490 1553 651 1637 Epicurus
672 1575 710 1619 ue
732 1555 977 1618 diuturnitatem
998 1554 1122 1638 quidem
1136 1577 1154 1617 11

118 1644 273 1727 temporis
315 1643 355 1707 ad
398 1643 490 1707 beate
527 1641 699 1707 vivendum
736 1642 857 1726 aliquid
898 1642 1028 1727 afferre,
1069 1663 1123 1707 nec

119 1732 275 1796 minorem
307 1733 507 1815 voluptatem
545 1730 669 1813 percipi
700 1730 735 1794 in
766 1731 925 1794 brevitate
962 1731 1123 1814 temporis,

65 1834 99 1882 88
119 1841 215 1903 quam
248 1820 277 1884 si
309 1820 367 1884 illa
398 1819 441 1884 sit
474 1819 679 1902 sempiterna.
728 1818 816 1883 Haec
843 1818 992 1883 dicuntur
1019 1821 1123 1884 incon·

119 1907 327 1973 stantissime.
364 1905 445 1971 Cum
468 1907 553 1970 enim
576 1928 736 1970 summum
760 1908 880 1972 bonum
903 1907 936 1970 in
960 1908 1123 1991 voluptate

119 2000 233 2079 ponat,
255 1999 353 2079 negat
376 1995 503 2060 infinito
526 1999 671 2077 tempore
694 1995 809 2059 aetatis
835 1996 1035 2078 voluptatem
1057 1994 1149 2060 fieriu

120 2084 275 2148 maiorem
293 2105 390 2166 quam
408 2084 500 2146 finito
520 2085 616 2166 atque
635 2083 786 2150 modico..
809 2083 871 2159 Qui
891 2084 1015 2148 bonum
1034 2104 1122 2149 omne

119 2173 152 2236 in
176 2171 241 2236 virt
241 2174 294 2235 ute
317 2171 423 2271 popit,
445 2171 473 2234 is
497 2175 606 2254 potest
624 2171 728 2236 dicere
746 2172 858 2255 perfici
876 2172 952 2236 beat
938 2175 1007 2236 tam
1026 2173 1122 2236 vitam

120 2259 316 2343 perfectione
340 2259 389 2324 vir
390 2260 482 2343 tutis3
512 2264 611 2344 negat
639 2260 725 2324 enim
755 2281 881 2324 summo
905 2260 1003 2361 bono
1015 2261 1122 2325 afferre

120 2349 351 2412 incrementum
375 2347 468 2412 diem.
513 2345 574 2423 Qui
599 2350 707 2412 autem
729 2347 951 2431 voluptatevi
918 2352 1022 2412 urtam
1045 2347 1123 2414 effici

119 2437 196 2501 beat
182 2440 250 2501 tam
273 2440 332 2520 put
318 2436 401 2502 tabit
387 2435 496 2520 t,qui
521 2435 614 2501 sibi
605 2458 632 2499 rs
657 2437 838 2518 conveniet,
865 2436 893 2500 si
915 2436 1051 2520 negabit
1072 2455 1150 2501 von

120 2526 211 2608 lupta
212 2529 277 2590 tem
306 2546 445 2590 crescere
472 2524 656 2608 longinquit
642 2524 730 2588 tate?
779 2487 884 2608 Igitur
911 2546 952 2588 ne
983 2524 1123 2590 dolorem

120 2614 258 2696 quidem.
307 2613 361 2678 An
394 2613 486 2677 dolor
517 2612 727 2697 longissimus
755 2613 889 2697 quisque
919 2613 1124 2694 miserrimus,

120 2702 321 2854 voluptatem
343 2722 410 2766 non
433 2700 659 2783 optabiliorem
682 2700 841 2765 diuturnit
827 2705 878 2765 tas
900 2699 1004 2765 facit?
1045 2699 1125 2777 Quid

121 2791 210 2853 est
202 2790 314 2874 igitur,
345 2811 402 2855 cur
433 2789 480 2852 ita
512 2809 639 2871 semper
669 2788 763 2853 deum
796 2788 952 2941 appellett
968 2788 1124 2872 Epicurus

120 2877 251 2941 beatum
275 2881 309 2942 et
326 2875 513 2941 aeternum?
549 2874 690 2959 Dempta
708 2877 794 2941 enim
814 2880 867 2941 aet
868 2876 987 2940 ernitat
973 2877 1153 2942 tenihilou

120 2965 206 3029 beat'
182 2967 246 3029 tior
264 2964 410 3049 Iuppiter
434 2986 530 3047 quam
548 2964 721 3048 Epicurum
740 2969 874 3049 uterque
897 2964 984 3028 enim
1003 2986 1125 3030 summo

120 3054 206 3116 bono
234 3053 365 3136 fruitur,
392 3053 426 3118 id
454 3054 504 3117 est
529 3053 643 3136 volupt
645 3056 706 3117 ate.
755 3051 813 3117 At
840 3053 925 3117 enim
952 3052 1007 3117 hic
1031 3054 1126 3118 etiam

121 3140 252 3206 dolore?
288 3141 335 3205 At
358 3163 430 3205 eum
452 3140 548 3204 nihili
571 3141 658 3205 facit.
700 3139 758 3205 Ait
776 3142 862 3206 enim
886 3162 933 3224 se,
957 3141 985 3204 si
1008 3145 1127 3224 uratur,

67 3251 101 3299 89
122 3229 236 3305 ‘Quam
263 3229 324 3294 hoc
352 3227 479 3294 suavet'
506 3227 674 3294 dicturum.
720 3228 791 3305 Qua
816 3230 919 3314 igitur
940 3250 976 3292 re
1004 3229 1046 3294 ab
1070 3229 1126 3293 deo

120 3317 271 3402 vincitur,
307 3317 335 3382 si
362 3316 552 3382 aeternitate
579 3339 644 3382 non
671 3317 831 3382 vincitur?
885 3317 924 3382 In
957 3339 1023 3400 qua
1054 3315 1155 3401 quidu

121 3408 171 3469 est
200 3405 277 3470 boni
305 3410 433 3491 praeter
461 3427 620 3470 summam
647 3406 861 3490 voluptatem,
884 3409 918 3469 et
945 3427 1017 3470 eam
1047 3426 1125 3471 sem-

119 3493 303 3576 piternam?
340 3494 424 3571 Quid
448 3513 525 3579 ergo
545 3495 661 3559 attinet
683 3494 827 3579 gloriose
845 3494 951 3579 loqui,
972 3493 1040 3561 nisi
1057 3515 1125 3561 con·
