2346 3876
102 189 168 255 362
299 187 596 245 TUSCULANARUM
613 187 919 245 DISPUTATIONUM

102 356 153 416 est
180 355 318 434 motum,
346 352 437 416 deest
462 351 570 417 officio
598 373 657 417 suo
685 355 718 416 et
745 352 885 435 muneri,
916 351 962 415 sio
984 354 1099 416 contur-

101 439 199 504 batus
222 439 347 504 animus
370 460 436 505 non
464 443 514 504 est
541 443 635 521 aptus
665 438 705 503 ad
735 438 974 522 exsequendum
996 459 1100 503 munus

102 549 205 592 suum.
254 527 373 592 Munus
402 531 509 591 autem
537 527 638 590 animi
665 530 715 591 est
736 527 864 591 ratione
887 527 970 592 bene
991 527 1051 607 nti,
1076 528 1102 590 et

102 616 258 699 sapientis
281 616 405 679 animus
433 615 481 678 ita
508 635 634 698 semper
660 614 806 679 adfectus
833 618 897 699 est,
927 618 965 679 ut
986 614 1102 679 ratione

102 704 224 787 optime
246 707 370 788 utatur,
396 723 574 786 numquam
601 702 775 786 igiturest
803 702 1023 784 perturbatus.
1064 701 1122 766 Ata

102 791 272 876 aegritudo
302 790 504 875 perturbatio
537 793 588 855 est
619 790 733 876 animi,
772 810 902 873 semper
938 791 1039 876 igitur

56 935 77 999 8
103 879 232 962 sapiens
255 878 393 943 vacabit.
1030 935 1032 940 .

50 1013 83 1062 16
168 965 248 1032 Veri
271 968 370 1031 etiam
393 965 497 1030 simile
522 965 603 1030 illud
625 968 688 1044 est,
716 965 771 1050 qui
794 966 838 1030 sit
859 968 1045 1050 temperans
1066 1001 1104 1012 -

103 1076 199 1140 quem
235 1053 349 1119 Graeci
386 1049 545 1138 σώφρονα
582 1053 750 1138 appellant
788 1074 925 1138 eamque
961 1055 1104 1119 virtutem

102 1139 327 1226 σωφροσύνην
353 1145 486 1226 vocant,
513 1163 610 1225 quam
637 1143 725 1208 soleo
752 1141 900 1226 equidem
924 1145 996 1207 tum
1018 1146 1131 1207 tem-u

101 1230 330 1312 perantiam,
347 1233 418 1294 tum
437 1229 739 1294 moderationem
752 1229 928 1314 appellare,
940 1252 1010 1296 non
1022 1251 1103 1296 num·

101 1338 199 1401 quam
222 1318 321 1381 etiam
343 1316 586 1402 modestiam;
610 1318 667 1382 sed
687 1317 774 1404 haud
793 1318 875 1401 seio,
898 1323 1051 1384 annecte
1073 1339 1104 1381 aa

101 1408 205 1470 virtus
237 1404 452 1490 frugalitas
484 1406 644 1489 appellari
674 1406 792 1489 possit,
824 1405 911 1489 quod
944 1407 1103 1491 angustius

102 1492 188 1577 apud
221 1491 361 1558 Graecos
396 1493 497 1571 valet,
533 1493 589 1577 qui
623 1493 710 1576 frugi
746 1493 894 1558 homines
932 1497 1103 1578 χρησίμους

101 1580 281 1666 appellant,
312 1581 346 1645 id
377 1585 428 1645 est
457 1584 586 1646 tantum
618 1581 713 1645 modo
745 1581 851 1664 utilis;
884 1584 920 1645 at
951 1582 1033 1646 illud
1063 1584 1131 1646 estu

101 1669 214 1753 latins3
233 1669 338 1734 omnis
357 1669 443 1734 enim
461 1669 666 1753 abstinentia,
687 1669 791 1734 omnis
809 1668 1000 1735 innocentia
1017 1668 1103 1756 (quae

102 1756 188 1841 apud
225 1756 366 1822 Graecos
400 1757 556 1821 usitatum
591 1778 710 1822 nomen
744 1757 872 1821 nullum
907 1757 1023 1840 habet,
1057 1755 1103 1822 sed

100 1843 220 1909 habere
242 1847 351 1928 potest
373 1839 568 1928 ἄβλάβειαν;
591 1866 668 1908 nam
691 1848 741 1909 est
762 1845 952 1910 innocentia
974 1845 1102 1911 adfectio

101 1932 177 1997 talis
206 1932 317 2017 animi,
344 1953 426 2016 quae
452 1936 570 1997 noceat
597 1931 734 2018 nemini)
765 1969 809 1980 -
839 1932 983 2018 reliquas
1016 1933 1102 1999 etiam

100 2020 236 2084 virtutes
259 2020 431 2104 frugalitas
454 2021 606 2085 continet.
643 2020 731 2096 Quae
753 2020 819 2085 nisi
840 2023 935 2085 tanta
959 2025 1058 2106 esset,
1076 2023 1128 2083 etu

102 2106 130 2171 si
161 2106 203 2170 iis
235 2108 410 2191 angustiis,
446 2108 563 2192 quibus
598 2108 743 2193 plerique
775 2111 904 2192 putant,
940 2112 1101 2189 teneretur,

101 2215 278 2278 numquam
302 2198 388 2260 esset
410 2193 446 2260 L.
463 2195 592 2261 Pisonis
611 2215 790 2280 cognomen
811 2198 904 2260 tanto
924 2218 1023 2280 opere
1044 2198 1101 2261 lau·

50 2301 82 2351 1⁷
102 2281 222 2347 datum.
258 2280 321 2347 Sed
344 2283 434 2368 qnia,
455 2304 515 2348 nee
539 2284 594 2368 qui
616 2287 749 2367 propter
769 2286 891 2348 metum
913 2285 1100 2368 praesidium

100 2369 245 2454 reliquit,
268 2371 353 2454 quod
376 2373 426 2435 est
448 2371 613 2455 ignaviae,
634 2393 694 2436 nee
716 2372 772 2455 qui
788 2374 924 2454 propter
942 2374 1100 2438 avaritiam

101 2459 184 2523 elam
203 2458 386 2543 deposItnm
403 2480 470 2523 non
488 2459 640 2542 reddidit,
663 2459 750 2543 quod
768 2461 818 2524 est
839 2458 1032 2544 iniustitiae,
1053 2475 1127 2525 netu

101 2547 157 2630 qui
184 2550 317 2631 propter
342 2547 561 2612 temeritatem
588 2546 673 2611 male
700 2569 769 2611 rem
795 2547 911 2631 gessit,
946 2549 1034 2632 qnod
1063 2547 1101 2613 est

102 2635 273 2718 stultitiae,
295 2635 401 2718 frugi
424 2636 584 2718 appellari
607 2635 708 2717 solet,
726 2656 764 2700 eo
786 2635 848 2699 tris
871 2635 1026 2720 virtutes,
1047 2636 1101 2701 for-

100 2720 286 2806 titudinem,
308 2723 481 2805 iustitiam,
503 2723 723 2806 prudentiam,
748 2722 922 2807 frugalitas
947 2723 1102 2808 complexa

101 2811 152 2872 est
180 2807 256 2895 (etsi
284 2811 345 2875 hoo
373 2810 501 2895 quidem
529 2831 697 2875 commune
725 2813 776 2874 est
797 2811 970 2895 virtutum;
1000 2829 1101 2878 omnes

101 2896 187 2960 enim
214 2897 300 2960 inter
326 2919 361 2961 se
387 2918 488 2962 nexae
516 2902 549 2962 et
576 2899 707 2982 iugatae
730 2896 833 2984 sunt);
862 2899 990 2982 reliqua
1012 2900 1130 2984 igitnru

101 2987 162 3067 est,
186 2988 302 3067 quarta
324 2985 427 3049 virtus
450 2988 488 3049 ut
510 2986 566 3069 sit,
596 2987 669 3069 ipsa
690 2985 875 3071 frugalitas.
918 2985 1002 3052 Eius
1026 2987 1102 3052 enim

99 3070 227 3135 videtur
250 3092 319 3136 esse
341 3073 508 3154 proprium
531 3076 638 3138 motus
662 3073 764 3137 animi
793 3073 977 3157 adpetentis
1000 3092 1103 3160 regere

100 3162 133 3223 et
156 3158 268 3223 sedare
291 3179 480 3242 semperque
503 3160 727 3225 adversantem
755 3161 883 3225 libidini
911 3162 1102 3227 moderatam

99 3245 133 3310 in
152 3247 239 3312 omni
257 3268 292 3310 re
311 3267 439 3310 servare
457 3250 687 3333 constantiam
706 3249 758 3312 eui
776 3250 977 3314 eontrarium
994 3251 1102 3314 vitium

49 3352 80 3403 18
99 3334 278 3419 nequitia
301 3332 426 3399 dieitur.
470 3333 710 3420 Frugalitas,
734 3339 772 3400 ut
794 3337 923 3421 opinor,
947 3360 967 3403 a
988 3338 1131 3422 frugem

99 3444 163 3506 qua
191 3421 273 3487 nihil
301 3421 417 3486 melius
445 3442 463 3485 e
490 3424 591 3506 terra,
615 3423 794 3507 nequitia
824 3425 866 3488 ab
890 3445 928 3489 eo
952 3422 1028 3510 (etsi
1050 3422 1102 3488 erit

88 3509 321 3581 bonfortasse
345 3509 474 3599 durius,
495 3509 554 3576 sed
573 3513 787 3594 temptemusq
809 3511 924 3577 lusisse
951 3517 1102 3596 putemur,
