2346 3876
128 144 194 210 356
323 142 620 200 TUSCULANARUM
637 142 942 200 DISPUTATIONUM

127 307 248 373 timus?
292 308 344 374 Ita
374 310 424 392 fit,
455 311 493 371 ut
520 307 651 371 animus
675 306 714 370 dc
742 329 776 371 se
803 307 874 391 ipse
906 310 978 372 tum
1009 307 1140 388 iudicet,

94 410 201 461 acum
223 397 257 461 id
279 397 399 481 ipsum,
423 417 485 480 qno
508 395 681 478 iudicatur,
705 398 860 480 aegrotet.
916 394 1038 471 Quodsi
1058 395 1123 460 talis

128 506 188 550 nos
215 486 333 549 natura
359 485 536 569 genuisset,
563 486 600 546 nt
627 504 698 547 eam
724 483 832 567 ipsam
860 483 982 548 intueri
1009 487 1042 547 et
1066 505 1124 566 per·

129 575 252 657 spicere
276 573 448 656 eademqne
472 571 596 655 optima
618 570 696 635 duee
719 592 848 636 cursum
872 571 960 637 vitae
984 572 1123 637 conficere
1163 638 1165 657 Ε

128 683 310 746 possemne,
336 659 424 725 hand
451 664 522 724 erat
549 681 639 740 sane,
666 658 751 741 qnod
780 659 953 743 quisquam
981 660 1165 747 rationem}

129 772 166 814 ac
189 749 370 816 doctrinam
393 748 579 832 requireret.
627 745 722 812 Nune
749 748 904 831 parvulos
930 748 1027 813 nobis
1052 747 1126 812 dedit
1162 802 1165 853 l

128 837 298 921 igniculos,
321 858 401 920 quos
421 835 568 901 celeriter
586 834 682 901 malis
699 834 844 900 moribus
867 835 1125 920 opinionibusque
1163 858 1165 875 ¹

128 924 296 1008 depravati
315 925 361 988 sie
378 923 621 1008 restinguimus,
645 926 682 987 ut
699 944 859 1008 nusquam
876 926 1015 989 naturae
1032 925 1126 988 lumen

129 1016 292 1096 appareat.
338 1011 420 1076 Sunt
447 1011 533 1075 enim
560 1010 700 1095 ingeniis
726 1011 848 1076 nostris
877 1012 1005 1077 semina
1028 1013 1126 1076 innata
1163 1040 1165 1085 1

128 1101 297 1182 virtutum,
321 1121 402 1183 quac
424 1099 453 1163 si
476 1098 657 1163 adolescere
679 1097 803 1182 liceret,
825 1099 900 1182 ipsa
917 1122 980 1165 nos
1001 1099 1042 1164 cd
1062 1092 1165 1164 bea-nl

128 1191 196 1255 tam
228 1188 330 1252 vitam
360 1190 477 1252 natura
508 1186 705 1271 perduceret.
757 1185 854 1252 Nunc
887 1192 1011 1273 autem,
1041 1186 1124 1252 simul
1162 1158 1165 1235 l

129 1277 224 1357 atque
248 1273 327 1338 editi
348 1274 383 1338 in
405 1275 508 1339 lucem
532 1277 565 1338 et
587 1274 728 1357 suscepti
746 1297 871 1359 sumus,
893 1276 930 1342 in
953 1277 1043 1342 omni
1065 1297 1125 1340 con·

127 1362 218 1426 tinno
246 1363 407 1446 pravitate
434 1363 528 1427 etin
556 1384 682 1427 summa
708 1362 897 1446 opinionum
923 1365 1124 1448 perversitate
1162 1396 1165 1441 Ι

127 1471 306 1533 versamur,
327 1453 365 1514 ut
382 1471 483 1533 paene
502 1472 574 1514 cnm
593 1449 676 1515 lacte
696 1451 830 1515 nutricis
850 1473 997 1517 errorem
1014 1452 1124 1518 suxisse

127 1538 302 1603 videamur.
355 1536 437 1603 Oum
468 1560 544 1604 vero
578 1539 766 1621 parentibus
798 1538 931 1624 redditi,
965 1541 1040 1607 dein
1068 1557 1151 1604 1111-11

127 1627 238 1711 gistris
260 1626 373 1691 traditi
397 1648 521 1709 snmus,
549 1630 619 1691 tum
641 1627 688 1691 ita
709 1627 809 1691 variis
832 1627 1002 1693 inbuimur
1023 1627 1124 1694 errori·

128 1715 202 1799 bns,
225 1717 261 1779 nt
278 1715 417 1778 vanitati
434 1714 554 1779 veritas
574 1717 607 1778 et
625 1714 770 1797 opinioni
790 1715 1002 1782 confirmatae
1020 1721 1124 1782 natura

88 1770 109 1895 Ξ
127 1803 200 1886 ipsa
218 1803 318 1867 cedat.
354 1801 522 1868 Accedunt
545 1803 642 1866 etiam
665 1806 792 1887 politae,
814 1804 871 1887 qni
889 1825 965 1869 cnm
982 1823 1122 1890 magnam

128 1891 267 1974 speciem
308 1889 472 1955 doctrinae
513 1890 753 1975 sapientiaeque
793 1912 872 1975 prae
912 1913 949 1957 se
983 1893 1124 1972 tulerunt,

128 1978 315 2062 audiuntur,
341 1979 504 2063 leguntur,
533 1978 716 2044 ediscuntur
739 1982 772 2042 et
796 1978 1027 2046 inhaerescunt
1048 1978 1152 2064 peni-a

128 2068 180 2129 tus
211 2066 246 2129 in
277 2067 453 2149 mentibus3
486 2088 558 2131 cnm
588 2087 665 2130 vero
698 2065 812 2130 eodem
841 2069 936 2151 qnasi
966 2087 1123 2134 maxumus

129 2153 259 2237 quidam
278 2153 435 2239 magister
452 2154 590 2238 populns
608 2155 732 2220 11111111
754 2157 851 2239 atque
871 2157 979 2222 omnis
998 2156 1124 2240 undique

128 2241 168 2304 ad
194 2241 275 2305 vitia
302 2242 506 2308 consentiens
534 2241 722 2320 multitudo,
751 2244 822 2307 tum
848 2241 947 2326 plane
977 2245 1125 2309 inficimur

127 2329 318 2413 opinionum
335 2330 496 2413 pravitate
516 2352 535 2395 1
552 2333 730 2415 naturaque
749 2329 970 2415 desciscimus,
989 2337 1028 2398 ut
1043 2330 1123 2398 nobis

128 2417 250 2502 optime
267 2422 402 2482 naturae
421 2418 487 2483 vim
505 2417 623 2483 vidisse
642 2418 821 2500 videantur,
841 2421 897 2503 qui
914 2420 1003 2485 nihil
1021 2419 1151 2486 melius

126 2504 266 2588 homini,
296 2505 377 2571 nihil
407 2506 512 2590 magis
545 2506 769 2590 expetendum,
799 2505 883 2571 nihil
915 2507 1123 2592 praestantius

126 2593 317 2675 honoribus,
340 2594 499 2676 imperiis,
521 2593 671 2677 populari
694 2592 798 2679 gloria
817 2593 1052 2663 indicaverunt.
1083 2591 1123 2659 hd

127 2703 224 2765 qnam
251 2681 354 2747 fertur
379 2685 531 2764 optnmns
560 2681 693 2766 quisque
719 2703 891 2766 veramque
918 2684 1015 2749 illam
1040 2684 1123 2749 hone·

54 2784 58 2788 '
127 2772 245 2833 statem
268 2773 433 2854 expetens,
457 2791 552 2854 qnam
570 2791 668 2834 unam
686 2773 803 2834 natura
825 2770 967 2838 maxime
986 2769 1123 2857 anquirit

125 2855 162 2919 in
190 2878 315 2920 summa
346 2857 503 2923 inanitate
535 2861 683 2922 versatur
714 2860 982 2944 consectaturque
1013 2860 1147 2926 nudans

126 2943 321 3008 eminentem
335 2944 476 3030 effigiem
490 2946 628 3029 virtutis,
647 2944 703 3028 sed
717 2945 945 3011 adumbratam
959 2948 1120 3034 imaginem

126 3030 257 3114 gloriae.
301 3031 364 3095 Est
391 3033 476 3098 enim
503 3034 608 3118 gloria
635 3033 739 3098 solida
764 3033 923 3118 quaedam
954 3058 1006 3101 res
1030 3039 1062 3102 11
1080 3053 1119 3097 ex·

125 3140 252 3202 pressa,
274 3140 340 3183 non
363 3119 567 3206 adumbrata3
591 3143 630 3185 ea
647 3126 697 3186 est
715 3121 919 3187 consentiens
942 3123 1014 3190 lans
1037 3124 1118 3188 bono
1163 3141 1165 3203 j

125 3228 211 3289 rum,
237 3207 426 3289 incorrupta
452 3230 515 3272 vox
542 3209 622 3274 bene
651 3209 862 3275 indicantium
895 3209 935 3276 de
967 3203 1117 3277 excellenti
1163 3284 1165 3291 Ι

124 3294 258 3376 virtute,
277 3316 314 3358 ea
332 3295 443 3359 virtuti
461 3301 593 3361 resonat
609 3300 776 3382 tamqnam
793 3297 912 3383 imago.
954 3299 1042 3376 Quae
1058 3293 1140 3383 quiet
1162 3298 1165 3324 ³

125 3386 211 3447 recte
237 3383 396 3448 factorum
425 3384 614 3468 plerumque
642 3407 749 3450 eomes
778 3387 840 3470 est,
866 3407 935 3452 non
963 3391 1012 3452 111
1039 3381 1116 3451 bonis

81 3491 98 3540 r
121 3470 200 3539 viris
217 3471 429 3562 repudianda.
464 3472 528 3539 illa
546 3475 669 3556 antem,
685 3495 767 3558 qnae
786 3495 821 3538 se
839 3473 909 3540 eius
927 3474 1115 3541 imitatricem
1161 3459 1165 3519 ἕ
