2346 3876
315 182 383 238 nra.
400 184 423 238 1.
451 181 528 238 car.
548 187 672 240 12-14.
699 188 855 251 §rr-ra.
1032 185 1095 251 109

77 343 299 411 labefactetur
317 344 423 410 oratio
441 344 537 431 mea.)
568 343 655 410 Nam
675 367 748 412 cum
766 346 970 431 ignoratione
987 370 1095 414 rerum

77 436 243 499 bonarum
272 436 306 498 et
326 434 484 498 malarum
511 435 650 499 maxime
671 434 841 500 hominum
863 437 932 501 vita
953 441 1096 522 vexetur,

77 521 121 587 ob
156 542 295 606 eumque
324 542 467 587 errorem
499 526 534 587 et
562 523 786 607 voluptatibus
817 525 967 589 maximis
999 546 1095 610 saepe

78 612 251 696 priventur
279 613 312 675 et
338 609 519 675 durissimis
547 611 647 676 animi
679 610 844 676 doloribus
875 615 1096 698 torqueantur,

54 698 244 784 saepientia
268 700 318 763 est
337 697 534 783 adhibenda,
557 720 639 784 quae
662 702 696 764 et
712 699 891 765 terroribus
909 700 1094 784 cupiditati·

80 788 205 872 busque
249 785 403 851 detractis
444 789 477 851 et
522 788 665 852 omnium
709 787 867 852 falsarum
907 788 1095 872 opinionum

79 876 270 940 temeritate
291 874 425 958 derepta
447 875 663 940 certissimam
686 896 720 940 se
742 876 838 940 nobis
869 876 982 941 ducem
1004 897 1094 960 prae·

82 964 160 1028 beat
186 963 229 1028 ad
255 963 466 1046 voluptatem.
519 961 687 1048 Sapientia
714 963 800 1028 enim
826 968 877 1029 est
904 987 982 1048 una,
1014 985 1094 1049 quae

81 1051 282 1116 maestitiam
312 1051 415 1134 pellat
445 1072 484 1116 ex
514 1051 644 1136 animis,
672 1073 753 1136 quae
779 1073 840 1117 nos
872 1052 1094 1118 exhorrescere

50 1143 170 1204 romctn
187 1160 257 1205 non
274 1140 371 1222 sinat3
396 1160 459 1223 qua
481 1141 700 1224 praeceptrice
717 1140 753 1204 in
771 1141 1008 1225 tranquillitate
1029 1142 1095 1206 vivi

82 1231 192 1312 potest
213 1227 359 1293 omniurn
382 1226 596 1311 cupiditatum
619 1228 731 1293 ardore
754 1229 919 1294 restincto.
964 1226 1093 1314 Cupidi-

83 1320 167 1382 tates
191 1317 279 1382 enim
303 1321 380 1381 sunt
402 1316 619 1400 insatiabiles,
641 1337 724 1401 quae
745 1338 812 1382 non
829 1316 925 1383 modo
947 1318 1093 1403 singulos

83 1403 245 1488 homines,
269 1404 324 1469 sed
341 1405 508 1470 universas
526 1403 666 1469 familias
686 1408 848 1484 evertunt,
870 1409 975 1470 totam
994 1407 1094 1471 etiam

84 1493 282 1558 labefactant
313 1513 409 1576 saepe
448 1513 516 1556 rem
547 1493 719 1577 publicam.
776 1492 829 1558 Ex
864 1495 1094 1577 cupiditatibus
1112 1506 1148 1554 44

57 1603 76 1644 c
87 1580 169 1665 odia,
193 1580 342 1664 discidia,
369 1580 561 1663 discordiae,
583 1581 774 1665 seditiones,
802 1581 888 1646 bella
909 1586 1095 1667 nascuntur,

10 1694 15 1767 2,
87 1688 141 1733 nec
168 1689 226 1734 cae
253 1690 288 1734 se
315 1669 396 1734 foris
424 1668 530 1733 solum
559 1669 682 1734 iactant
707 1690 768 1734 nec
794 1672 923 1736 tantum
949 1670 984 1734 in
1012 1671 1093 1735 alios

10 1770 15 1815 l
88 1777 177 1822 caeco
210 1758 335 1841 impetu
356 1757 539 1841 incurrunt,
571 1757 627 1822 sed
658 1758 745 1823 intus
781 1757 879 1822 etiam
909 1758 945 1822 in
977 1759 1094 1823 animis

88 1845 227 1910 inclusae
254 1846 340 1931 inter
368 1866 402 1910 sc
430 1844 588 1913 dissident
615 1848 711 1931 atque
739 1844 938 1930 discordant,
969 1868 1008 1910 ex
1030 1868 1093 1930 quo

89 1933 185 1998 vitam
203 1933 442 1999 amarissimam
459 1955 590 1999 necesse
609 1938 659 1999 est
678 1934 770 2019 effici,
788 1937 826 1999 ut
840 1935 969 2019 sapiens
989 1935 1095 2000 solum

59 2025 254 2106 aamputata
276 2020 529 2107 circumcisaque
551 2023 710 2088 inanitate
734 2023 824 2087 omni
846 2027 880 2088 et
909 2044 1016 2088 errore
1038 2045 1094 2087 na-

90 2111 175 2175 torae
197 2110 317 2175 finibus
341 2113 511 2176 contentus
530 2111 599 2176 sinc
620 2110 822 2195 aegritudine
843 2112 948 2196 possit
970 2115 1003 2176 et
1027 2112 1095 2176 sine

90 2202 171 2262 metu
194 2199 310 2263 vivere.
361 2197 449 2274 Quae
472 2201 523 2263 est
546 2199 631 2264 enim
654 2202 712 2263 aut
732 2199 846 2264 utilior
869 2203 926 2265 aut
949 2200 990 2264 ad
1012 2201 1094 2265 bene
1112 2219 1146 2268 45

10 2272 18 2397 ζ
89 2285 254 2351 vivendum
286 2286 393 2370 aptior
424 2287 560 2371 partitio
591 2309 688 2373 quam
723 2287 796 2371 illa,
832 2309 896 2372 qua
932 2290 982 2352 est
1017 2310 1094 2352 usus

10 2406 16 2471 p
90 2372 268 2458 Epicurus?
288 2374 345 2459 qui
366 2396 466 2440 unum
489 2394 588 2460 genus
612 2375 721 2458 posuit
743 2396 854 2439 earum
873 2375 1094 2460 cupiditatum,

10 2470 17 2555 l
59 2483 164 2545 aquae
184 2465 293 2528 essent
311 2465 345 2526 et
360 2463 526 2528 naturales
545 2466 578 2528 et
596 2464 811 2546 necessariae,
834 2463 988 2545 alterum,
1012 2485 1093 2547 quae

10 2556 20 2693 p
89 2552 248 2616 naturales
272 2554 381 2616 essent
400 2572 459 2616 nec
481 2554 590 2616 tamen
606 2552 821 2633 necessariae,
842 2551 989 2634 tertium,
1011 2573 1093 2634 quae

88 2659 141 2704 nec
166 2640 336 2705 naturales
363 2660 423 2704 nec
444 2640 653 2705 necessariae.
699 2639 840 2716 Quarum
866 2660 904 2703 ea
926 2639 1010 2703 ratio
1034 2643 1093 2723 est,

15 2758 20 2765 ·
88 2730 120 2791 ut
139 2728 340 2793 necessariae
361 2748 421 2792 nec
444 2748 543 2812 opera
564 2729 669 2792 multa
688 2749 749 2792 nec
772 2729 920 2811 impensa
943 2727 1091 2811 explean-

87 2817 149 2902 tur,
170 2836 212 2881 ne
234 2816 398 2880 naturales
422 2816 551 2900 quidem
573 2816 676 2882 multa
698 2816 897 2899 desiderant,
919 2818 1093 2900 propterea
1111 2836 1146 2886 46

59 2904 166 2987 acquod
197 2905 270 2989 ipsa
300 2907 419 2969 natura
450 2904 595 2983 divitias,
629 2904 745 2988 quibus
778 2907 930 2969 contenta
967 2904 1024 2987 sit,
1060 2907 1093 2969 et

87 2992 247 3074 parabiles
276 2994 309 3056 et
334 2992 524 3058 terminatas
551 2992 665 3076 habet,
693 2993 838 3058 inanium
866 2995 975 3057 autem
1004 2994 1092 3076 cupi-

88 3079 222 3146 ditatum
252 3101 312 3145 nec
342 3080 456 3146 modus
488 3079 573 3145 ullus
605 3101 665 3145 nec
700 3080 775 3146 finis
806 3082 944 3145 inveniri
975 3085 1091 3164 potest.

87 3166 205 3245 Quodsi
236 3169 339 3233 vitam
370 3189 498 3233 omnem
529 3168 714 3253 perturbari
746 3169 890 3235 videmus
923 3189 1029 3233 errore
1059 3172 1093 3233 et
1105 3173 1146 3236 14

86 3255 266 3410 idppleicntia,
288 3256 543 3409 sppienpiamrpue
567 3278 637 3409 esdse
659 3257 777 3411 solarp,
800 3279 881 3341 quae
899 3277 998 3406 nopsa
1015 3255 1093 3408 pibip

58 3364 77 3406 a
140 3367 194 3409 um
225 3365 311 3428 rmpe
380 3366 397 3408 e
446 3367 465 3409 a
510 3366 592 3409 ormr
615 3367 704 3410 mum
752 3366 858 3410 errore
890 3363 1014 3408 vm1ce
1060 3365 1077 3407 e

86 3432 184 3516 ipsius
208 3432 358 3498 fortunae
380 3433 504 3498 modice
526 3433 609 3499 ferre
633 3433 748 3498 doceat
769 3432 903 3498 iniurias
930 3432 963 3493 et
986 3431 1091 3495 omnis

87 3524 243 3587 monstret
273 3522 356 3605 vias,
387 3543 469 3606 quae
501 3521 542 3588 ad
575 3522 721 3611 quietem
754 3523 790 3588 et
821 3515 1104 3604 tranquillitatem
