2356 3870
303 133 372 189 121ss.
390 133 425 188 v.
458 133 534 190 CAP.
555 139 602 201 ae,
621 139 662 188 ao.
691 137 847 198 §su-aa.
1011 131 1076 195 273

64 314 213 379 quaeque
241 292 285 358 sit
310 291 355 379 (si
382 294 529 360 homines
554 298 674 378 essent,
705 295 823 359 usitate
846 291 1076 380 loquerentur),

66 381 144 447 dum
167 402 220 445 res
244 385 410 462 maneant,
433 383 532 447 verba
554 381 681 466 fingant
705 382 865 446 arbitratu
888 403 955 447 suo.
1086 432 1129 494 30

134 466 200 534 Sed
231 470 324 535 venio
356 469 397 535 ad
432 470 670 535 inconstantiae
700 470 838 554 crimen,
873 490 915 534 ne
947 470 1075 554 saepius
1095 511 1128 556 9„

66 556 156 623 dicas
179 578 232 621 me
255 558 417 643 aberrare3
441 581 538 642 quam
560 560 597 622 tu
619 558 714 641 ponis
736 559 771 623 in
793 557 914 640 verbis,
937 577 996 641 ego
1020 580 1075 642 po·

43 645 167 711 auitam
195 645 230 710 in
257 667 291 709 re
318 646 482 729 putabam.
534 644 568 710 Si
596 647 675 710 satis
704 646 765 710 erit
791 645 852 710 boo
881 646 1076 729 perceptum,

67 732 102 799 in
130 755 197 817 quo
228 732 391 799 adiutores
422 731 548 799 Stoicos
579 734 719 817 optimos
749 733 919 816 habemus,
951 737 1076 797 tantam

66 820 134 887 rim
163 842 234 885 esse
262 821 405 905 virtutis,
432 825 470 886 ut
497 821 618 904 omnia,
646 821 675 885 si
703 842 741 886 ex
769 822 872 886 altera
898 825 990 904 parte
1020 843 1075 904 po-

67 913 201 1001 pamtur,
226 929 268 973 ne
296 912 474 993 appareant
501 910 643 994 quidem,
671 931 744 974 cum
772 910 895 987 omnia,
923 931 1004 993 qnae
1027 909 1073 974 illi

68 995 239 1063 commoda
257 1001 343 1062 certe
362 997 473 1062 dicunt
495 1019 564 1062 esse
583 1001 616 1061 et
639 997 794 1062 sumenda
817 1001 849 1062 et
872 997 1020 1082 eligenda
1043 1001 1076 1061 εὴ

37 1084 257 1169 upraeposita
283 1083 379 1170 (quae
406 1084 454 1151 ita
477 1085 646 1163 definiunt,
676 1089 713 1149 ut
736 1087 816 1150 satis
838 1106 957 1171 magno
981 1087 1076 1150 aesti-

68 1172 190 1239 manda
217 1170 311 1259 sint),
338 1172 420 1238 haec
446 1173 547 1258 igitur
574 1195 646 1237 cum
674 1194 734 1258 ego
761 1177 812 1238 tot
840 1174 1024 1238 nominibus
1057 1196 1077 1238 a

68 1258 188 1327 Stoicis
219 1261 396 1345 appellata,
424 1261 546 1345 partim
575 1261 668 1326 novis
699 1264 731 1326 et
762 1262 1009 1342 commenticiis,
1040 1265 1077 1325 ut

67 1348 132 1414 ista
162 1347 382 1432 ‘producta'
413 1352 446 1412 et
480 1348 683 1432 ‘reducta',
712 1346 833 1433 partim
862 1350 947 1414 idem
979 1350 1074 1434 signi-

68 1436 240 1503 ficantibus
272 1435 363 1521 (quid
396 1438 481 1500 enim
519 1437 668 1518 interest,
705 1440 837 1520 expetas
874 1459 916 1501 an
951 1437 1075 1521 eligas?

40 1524 151 1591 amihi
174 1524 304 1610 quidem
332 1524 431 1590 etiam
454 1525 574 1590 lautius
597 1524 736 1607 videtur,
766 1524 852 1608 quod
874 1524 1019 1609 eligitur,
1043 1529 1076 1588 et

68 1612 108 1679 ud
126 1612 216 1697 quod
235 1612 372 1677 dilectus
395 1610 596 1699 adhibetur),
619 1612 684 1695 sed,
706 1633 779 1676 cum
797 1632 856 1695 ego
879 1611 944 1675 ista
967 1613 1075 1677 omnia

68 1698 154 1768 bona
177 1699 300 1782 dixero,
323 1703 451 1766 tantum
473 1700 585 1785 refert,
608 1722 705 1784 qnam
724 1719 844 1782 magna
861 1699 980 1779 dicam,
1003 1721 1074 1763 cum

69 1788 260 1873 expetenda,
281 1811 378 1873 quam
395 1788 500 1853 valde.
537 1786 595 1852 Sin
614 1793 723 1852 autem
740 1809 799 1852 nec
818 1786 995 1871 expetenda
1014 1807 1074 1870 ego

70 1877 174 1963 magis
203 1898 300 1960 quam
326 1881 363 1941 tu
390 1876 552 1961 eligenda,
577 1897 636 1940 nec
666 1875 726 1939 illa
748 1875 850 1958 pluris
874 1875 1075 1939 aestimanda

10 1984 139 2049 unago,
162 1966 220 2049 qui
238 1965 334 2048 bona,
356 1987 453 2049 quam
471 1968 518 2048 tu,
540 1963 595 2047 qui
613 1962 769 2047 producta
788 1963 944 2047 appellas,
966 1963 1075 2027 omnia

70 2050 132 2117 ista
152 2072 284 2118 neeesse
306 2056 357 2117 est
380 2051 546 2117 obscurari
567 2073 627 2117 nec
651 2073 805 2134 apparere
828 2055 861 2115 et
888 2052 923 2116 in
944 2051 1074 2115 virtutis

38 2210 43 2219 ,
71 2142 236 2224 tamquam
257 2140 294 2204 in
316 2140 393 2206 solis
416 2140 523 2204 radios
546 2139 715 2204 incurrere.
759 2138 806 2203 At
828 2139 927 2222 enim,
956 2162 1018 2224 qua
1040 2139 1075 2203 in
1094 2160 1126 2207 91

71 2228 135 2293 rita
158 2232 210 2293 est
233 2227 354 2313 aliquid
375 2227 467 2311 mali,
495 2248 533 2291 ea
559 2227 656 2292 beata
678 2248 748 2292 esse
771 2249 839 2293 non
862 2230 980 2311 potest.
1024 2226 1075 2292 Ne

72 2336 160 2403 seges
195 2315 324 2401 quidem
356 2316 457 2400 igitur
489 2315 586 2399 spicis
622 2315 773 2380 uberibus
812 2318 845 2379 et
880 2315 1014 2398 crebris,
1047 2317 1075 2379 si

10 2408 207 2499 pssavenam
228 2405 357 2487 uspiam
379 2402 511 2486 videris,
533 2424 591 2468 nec
614 2406 795 2467 mercatura
820 2406 1024 2485 quaestuosa,
1048 2403 1075 2467 si

10 2504 14 2517 '
70 2492 102 2557 in
130 2491 281 2557 maximis
308 2490 406 2557 lucris
434 2491 565 2574 paulum
592 2489 713 2574 aliquid
740 2490 848 2554 damni
871 2490 1074 2554 contraxerit.

10 2592 15 2661 'f
69 2578 120 2647 An
156 2579 219 2645 hoc
250 2601 349 2662 usque
381 2600 520 2663 quaque,
558 2578 652 2642 aliter
687 2578 722 2642 in
752 2577 841 2642 vita?
876 2581 909 2642 et
939 2598 1005 2641 non
1036 2600 1075 2641 ex

10 2664 13 2743 ἶ
68 2668 210 2735 maxima
231 2672 323 2751 parte
346 2666 385 2731 de
403 2670 476 2732 tota
493 2664 672 2730 iudicabis?
696 2688 738 2730 an
758 2665 892 2730 dubium
911 2666 974 2748 est,
997 2665 1075 2749 quin

10 2762 14 2789 ’
68 2756 171 2823 virtus
203 2754 253 2820 ita
283 2754 456 2820 maximam
488 2758 614 2837 partem
647 2753 793 2818 obtineat
823 2753 858 2817 in
890 2754 986 2817 rebus
1018 2754 1075 2817 hu·

10 2794 188 2929 bhmanis,
223 2846 262 2908 nt
290 2843 432 2928 reliquas
469 2842 608 2907 obruat?
663 2841 797 2905 Audebo
828 2841 930 2926 igitur
962 2846 1075 2926 cetera,

10 2940 15 3005 ζ
87 2952 149 2997 uae
187 2932 363 2997 seclmdum
393 2934 546 2995 naturam
576 2929 656 3011 sint,
695 2929 781 2994 bona
818 2930 980 3013 appellare
1016 2952 1075 2994 nee

10 3026 12 3051 ²
117 3019 218 3085 udare
254 3040 312 3084 suo
350 3022 458 3084 vetere
494 3016 623 3082 nomine
662 3016 769 3101 potius
807 3039 905 3100 quam
944 3017 1075 3101 aliquod

64 3128 187 3175 novum
215 3107 394 3191 exquirere,
420 3104 550 3170 virtutis
579 3107 687 3169 autem
715 3105 959 3190 amplitudinem
982 3105 1074 3189 quasi

65 3194 100 3261 in
127 3197 233 3261 altera
259 3195 362 3259 librae
389 3194 479 3259 lance
506 3214 634 3277 ponere.
684 3192 832 3277 Terram,
861 3193 941 3256 mihi
972 3193 1073 3274 crede,
1092 3214 1128 3261 92

10 3276 106 3351 Μαι
126 3284 203 3349 lanx
221 3285 256 3347 et
273 3282 377 3347 maria
400 3281 566 3364 deprimet.
603 3279 736 3365 Semper
754 3281 839 3345 enim
862 3302 900 3344 ex
923 3301 969 3360 ec,
989 3280 1074 3364 quod

67 3371 226 3437 maximas
253 3372 362 3454 partes
389 3369 532 3436 continet
562 3369 783 3453 latissimeque
814 3367 971 3449 funditur,
1001 3372 1074 3432 tota

67 3480 119 3525 res
141 3458 334 3545 appellatur.
377 3455 524 3523 Dicimus
548 3456 686 3541 aliquem
709 3456 812 3521 hilare
835 3455 956 3536 vivere3
985 3474 1073 3539 erge,

120 3580 175 3623 010.
188 3581 229 3624 IV.
244 3583 263 3622 1.
828 3564 860 3611 18
