2346 3876
300 182 368 237 LIB.
387 182 434 237 lv.
463 181 540 238 cAP.
559 189 682 239 ιι-ιι.
709 189 865 251 ιιι-ιι.
1024 186 1090 252 413

79 343 319 494 aegriqudincm
338 345 499 429 suspicere
518 367 577 428 pro
596 346 805 430 experientia,
825 346 853 410 si
873 347 948 431 quid
970 347 1090 448 habere

79 432 1090 606 ltu,tlh5{tolliturltislttutttlttd
1110 535 1142 584 a

79 606 161 682 Quis
189 607 275 670 enim
301 611 423 691 potest,
451 608 485 672 in
513 630 575 693 quo
600 607 701 674 libido
725 610 923 692 cupiditasve
946 611 1002 694 sit,
1023 632 1091 675 non

40 694 275 759 alibidinosus
303 698 335 759 et
362 696 495 779 cupidus
524 696 616 761 esse?
644 698 764 782 inquo
788 698 850 780 ira,
876 719 943 763 non
965 699 1091 763 iracun-

36 808 46 819 ι
79 782 164 846 dus?
192 783 228 845 in
255 804 317 866 quo
342 804 454 868 angor,
481 806 548 849 non
575 785 710 849 anxius?
737 785 771 848 in
798 806 861 868 quo
888 786 999 868 timor,
1024 807 1091 851 non

80 869 238 934 timidus?
273 870 497 937 Libidinosum
519 873 621 956 igitur
642 874 675 936 et
697 873 885 937 iracundum
908 877 941 936 et
960 875 1091 938 anxium

80 961 114 1022 et
140 957 292 1021 timidum
319 979 485 1023 censemus
513 981 583 1024 csse
611 960 815 1043 sapientem?
848 961 887 1025 de
919 962 1007 1025 cuius
1038 983 1090 1025 ex·

81 1044 231 1110 cellentia
249 1045 332 1110 mult
318 1050 352 1110 ta
370 1040 499 1130 quidem
522 1047 585 1111 dici
605 1048 750 1130 quamvis
772 1047 844 1112 fuse
865 1049 913 1112 lat
898 1051 993 1132 teque
1017 1071 1090 1132 pos-

34 1151 69 1198 ιι)
81 1136 172 1216 sunt,
196 1133 252 1197 sed
269 1135 458 1199 brevissime
476 1134 534 1199 illo
553 1136 663 1237 modq,
682 1135 893 1288 sapientiam
895 1158 964 1201 esse
983 1159 1091 1201 rerum

81 1183 264 1286 divinarum
292 1225 325 1286 et
351 1222 565 1287 humanarum
601 1223 703 1288 scient
704 1224 770 1289 iam
799 1225 1090 1310 cognitionemque,

81 1330 164 1409 quae
187 1309 339 1393 cuiusque
363 1311 410 1374 rei
433 1332 529 1374 causa
553 1311 604 1375 sit.
648 1311 785 1395 Exque
809 1313 961 1412 efficitur,
983 1315 1021 1378 t
1044 1313 1090 1378 (ιι

80 1397 157 1460 vina
178 1397 338 1480 imitetur,
367 1397 509 1463 humana
533 1398 643 1463 omnia
665 1399 819 1463 inferiora
841 1399 962 1464 virtute
985 1401 1089 1466 ducat.

79 1483 121 1548 In
143 1483 266 1550 hanct
251 1489 288 1550 tu
309 1486 409 1570 igitur
431 1487 631 1570 tamquam
621 1509 656 1550 m
678 1508 780 1569 mare,
804 1487 889 1570 quod
912 1490 962 1552 est
984 1495 1061 1554 vent
1063 1490 1090 1553 is

34 1591 68 1638 ιι
81 1571 275 1656 subiectum,
303 1575 581 1656 perturbationem
605 1574 717 1638 cadere
746 1574 809 1638 tibi
831 1574 944 1639 dixisti
966 1576 1090 1640 videri?

81 1659 167 1736 Quid
186 1663 244 1744 est,
262 1661 347 1744 quod
365 1664 492 1725 tantam
510 1662 705 1746 gravitatem
723 1663 1001 1746 constantiamque
1019 1685 1090 1746 per·

79 1747 213 1812 turbet?
237 1769 277 1812 an
300 1748 501 1831 inprovisum
520 1749 642 1833 aliquid
663 1754 720 1814 aut
741 1749 968 1832 repentinum?
1005 1750 1090 1826 Quid

79 1839 190 1920 potest
208 1835 349 1900 accidere
368 1837 433 1900 tale
451 1837 495 1920 ei,
518 1837 569 1901 cui
592 1837 689 1919 nihil,
711 1837 795 1920 quod
812 1836 938 1900 homini
961 1839 1089 1902 evenire

80 1923 198 2007 possit,
219 1943 283 1989 non
299 1925 556 2005 praemeditatum
573 1924 636 1989 sit?
671 1923 758 1989 Nam
776 1924 861 2007 quod
880 1924 970 1989 aiunt
988 1926 1090 1990 nimia

34 2011 222 2077 soresecari
245 2014 406 2094 oportere,
428 2012 593 2077 naturalia
610 2012 762 2097 relinqui,
786 2012 862 2096 quid
879 2013 1011 2077 tandem
1033 2035 1089 2096 po·

80 2103 146 2165 test
174 2120 244 2163 esse
271 2100 432 2182 naturale,
464 2101 550 2183 quod
581 2101 667 2166 idem
699 2100 835 2165 nimium
863 2122 932 2165 esse
963 2101 1089 2185 possit?

80 2187 165 2254 Sunt
184 2187 268 2251 enirn
288 2187 397 2253 omnia
419 2187 485 2252 ista
503 2209 542 2252 ex
562 2210 705 2253 errorum
724 2191 796 2254 orta
813 2188 985 2273 radicibus,
1008 2212 1089 2273 quae

80 2275 246 2340 evellenda
278 2278 310 2338 et
342 2279 395 2339 ext
381 2275 539 2340 trahenda
569 2276 713 2359 penitus,
740 2297 805 2340 non
836 2276 1089 2342 circumcidenda

79 2384 139 2428 nec
163 2364 360 2447 amputanda
383 2368 466 2428 sunt.

44 2473 68 2515 ιι
149 2449 211 2516 Sed
230 2452 383 2535 quoniam
397 2451 544 2533 suspicor
560 2453 593 2514 te
607 2471 673 2514 non
691 2452 762 2514 tam·
774 2449 813 2513 de
828 2451 973 2552 sapiente
992 2473 1089 2534 quam
1099 2423 1140 2547 {g

80 2539 119 2603 de
146 2538 217 2602 te
207 2560 280 2622 rpso
308 2560 459 2622 quaerere
487 2537 594 2623 (illum
617 2538 704 2602 enim
730 2541 825 2620 putas
850 2537 939 2603 omni
966 2541 1089 2622 pertur-

79 2626 212 2691 batione
237 2647 306 2690 esse
329 2626 480 2705 liberum,
502 2629 535 2689 te
558 2623 635 2710 vis),
665 2625 842 2706 videamus,
870 2628 991 2708 quanta
1014 2627 1088 2709 sint,

80 2735 162 2797 quae
184 2734 206 2778 a
227 2713 434 2797 philosophia
451 2713 593 2778 remedia
614 2713 736 2777 morbis
756 2713 939 2778 animorum
957 2712 1089 2777 adhibe·

81 2805 185 2866 antur.
233 2800 296 2865 Est
323 2802 408 2866 enim
436 2801 592 2884 quaedam
620 2800 778 2865 medicina
805 2803 905 2883 certe,
931 2822 990 2864 nec
1020 2804 1088 2865 tam

47 2889 144 2954 uiuit
165 2889 334 2953 hominum
357 2889 469 2974 generi
491 2889 617 2953 infensa
635 2892 731 2972 atque
750 2888 880 2952 inimica
902 2891 1029 2971 natura,
1051 2893 1088 2953 ut

80 2977 268 3060 corporibus
291 2980 343 3043 tot
364 2998 416 3041 res
439 2977 602 3058 saluteris,
626 2976 742 3040 animis
765 2976 889 3040 nullam
916 2976 1088 3061 invenerit3

80 3065 118 3129 de
149 3064 265 3149 quibus
294 3064 356 3130 hoc
386 3064 485 3128 etiam
516 3067 566 3128 est
595 3065 710 3127 merita
744 3064 871 3148 melius,
904 3064 989 3147 quod
1021 3085 1088 3128 cor·

79 3173 196 3236 porum
228 3152 411 3216 adiumenta
443 3152 637 3216 adhibentur
667 3152 876 3234 extrinsecus,
910 3152 1089 3215 animorum

80 3241 169 3304 salus
192 3240 317 3304 inclusa
339 3240 373 3304 in
395 3239 447 3304 his
471 3240 551 3324 ipsis
574 3242 632 3303 est.
609 3236 740 3304 tSed
749 3262 832 3341 'quo
856 3238 960 3302 maior
983 3239 1088 3302 estin

48 3329 127 3393 aeis
155 3328 355 3410 praestantia
382 3331 415 3392 et
442 3327 594 3408 divinior,
626 3348 664 3391 eo
693 3328 813 3392 maiore
840 3326 985 3408 indigent
971 3324 1088 3388 tdili·

80 3414 252 3501 gentia.I
252 3418 348 3499 taque
371 3416 452 3479 bene
475 3414 696 3479 adhibitta
645 3418 696 3478 rat
697 3416 728 3479 io
753 3414 855 3479 cernit
859 3412 970 3496 ,quid
996 3416 1087 3496 optu·
1165 3462 1170 3511 1

79 3525 169 3568 mum
193 3503 237 3567 sit
240 3503 416 3588 ,tneglece
382 3502 549 3567 tmultis
573 3502 718 3586 implicat
720 3525 758 3566 ur
778 3500 950 3566 erroribus
987 3500 1040 3564 hd
1055 3504 1089 3564 te
1107 3488 1170 3566 tsi
