2346 3876
101 157 169 223 408
301 157 600 215 TUSCULANARUM
617 157 922 216 DIsPUTATIONUM

104 320 285 385 obtrectare
316 342 384 385 non
415 342 485 385 esse
517 320 647 404 inutile,
678 341 751 384 cum
780 324 839 385 aut
871 343 906 386 se
934 342 1001 385 non
1027 321 1098 386 iden

103 408 216 472 videat
231 413 451 489 consecutum,
474 407 560 491 quod
579 408 692 491 alium,
716 411 773 472 aut
790 409 892 473 alium
913 409 1006 488 idem,
1027 407 1098 493 quod

105 518 153 578 se3
176 500 299 560 metum
322 517 398 560 vero
422 496 451 560 si
474 495 529 579 qui
552 495 752 579 sustulisset,
781 517 910 561 omnem
933 498 1019 562 vitae
1039 496 1098 560 dili·

104 585 246 667 gentiam
270 584 435 648 sublatam
458 583 541 666 fore,
563 605 646 668 quae
665 605 790 648 summa
810 588 898 649 esset
919 586 956 650 in
977 585 1036 668 eis,
1053 583 1098 666 qui

103 673 204 755 leges,
228 672 283 755 qui
305 672 529 756 magistratus,
559 671 614 755 qui
636 675 877 756 paupertatem,
901 673 957 757 qui
976 672 1114 758 ignom-i

103 761 204 842 niam,
221 759 278 843 qui
295 763 442 842 mortem,
460 759 516 843 qui
535 758 680 822 dolorem
699 759 860 824 timerent.
899 759 989 825 Haec
1006 765 1098 824 tamen

103 848 151 912 ita
174 847 355 931 disputant,
373 850 411 911 ut
428 847 601 912 resecanda
619 868 690 911 esse
712 846 894 933 fateantur,
913 848 1010 912 evelli
1025 847 1098 932 peni·

103 939 156 998 tus
183 935 294 999 dicant
320 955 380 999 nec
406 955 502 1018 posse
528 956 588 999 nec
616 955 697 1018 opus
726 955 814 1018 esse,
841 939 875 1000 et
901 936 938 1001 in
965 934 1097 1001 omnibus

102 1022 170 1086 fere
201 1022 296 1087 rebus
324 1021 580 1086 mediocritatem
615 1042 686 1087 esse
719 1026 889 1105 optumam
920 1024 1098 1088 existiment

102 1109 192 1260 guae
212 1131 293 1260 pum
317 1113 495 1193 exponunt,
523 1109 646 1174 nihilne
674 1110 735 1174 tibi
757 1110 907 1175 videntur
929 1133 972 1176 an
994 1107 1098 1194 aliquid
1106 1132 1123 1172 o

136 1218 206 1261 cere

125 1398 146 1463 d
169 1311 209 1374 A.
236 1308 318 1373 Mihi
340 1331 417 1374 vero
441 1311 546 1375 dicere
568 1311 703 1396 aliquid,
725 1311 835 1396 itaque
863 1318 1011 1398 expecto,
1037 1310 1099 1396 quid

105 1420 125 1463 a
168 1399 242 1463 ista.

50 1463 91 1590 {d
170 1509 215 1568 M.
246 1502 420 1587 Reperiam
451 1503 604 1588 fortasse,
636 1504 703 1573 sed⁴
724 1503 806 1568 illud
838 1509 928 1570 ante:
965 1505 1100 1587 Videsne,

104 1595 226 1678 quanta
243 1591 341 1656 fuerit
357 1591 442 1674 apud
456 1591 668 1657 Academicos
683 1592 898 1657 verecundia?
916 1594 1014 1676 plane
1028 1593 1126 1657 enims

104 1681 227 1764 dicunt,
250 1679 335 1763 quod
358 1678 489 1744 adrem
511 1681 683 1761 pertineat.
734 1678 962 1764 Peripateticis
985 1703 1101 1765 respon·

104 1768 196 1832 detur
223 1790 242 1832 a
270 1765 396 1832 Stoicis.
446 1766 674 1851 Digladientur
700 1767 749 1831 illi
776 1789 834 1852 per
862 1790 914 1833 me
943 1769 1031 1852 licet,
1058 1766 1101 1832 cui

102 1856 186 1920 nihil
209 1858 258 1920 est
279 1876 409 1919 necesse
432 1855 509 1938 nisi,
532 1855 588 1919 ubi
611 1855 654 1919 sit
676 1853 758 1919 illud
762 1856 881 1956 ,quod
898 1857 969 1921 veri
988 1854 1102 1921 similli-

103 1965 191 2007 mum
218 1942 326 2007 videat
313 1946 379 2027 tur,
407 1943 584 2026 anquirere.
636 1942 719 2018 Quid
743 1946 792 2006 est
814 1943 927 2028 igitur,
956 1945 1039 2029 quod
1060 1965 1102 2008 oc·

104 2032 245 2096 currat
235 2053 269 2095 in
292 2031 353 2096 hac
377 2031 578 2114 quaestione,
601 2051 618 2093 e
642 2051 705 2115 quo
725 2031 834 2113 possit
856 2032 977 2117 attingi
994 2030 1131 2116 aliquida

103 2119 172 2182 veri
195 2117 324 2181 simile?
352 2140 415 2219 quo
443 2118 572 2201 longius
595 2139 687 2182 mens
710 2118 852 2182 humana
874 2120 1027 2204 progredi
1047 2141 1105 2184 non

104 2227 145 2289 po
147 2209 220 2269 t.est
269 2203 402 2269 Definit'
378 2209 424 2270 tro
451 2205 719 2289 perturbationis,
748 2209 926 2289 quarceto
954 2207 1105 2272 Zenonem

105 2316 196 2358 usum
228 2297 317 2376 puto.
371 2293 424 2358 Ita
455 2293 541 2358 enim
572 2293 696 2370 definit
728 2297 765 2357 ut
791 2295 1040 2376 perturbatio
1069 2294 1106 2358 sit

104 2402 242 2446 aversa
269 2403 289 2445 a
316 2382 466 2446 ratione
497 2385 632 2447 contra
660 2343 837 2446 nbturam
867 2383 988 2447 animi
1017 2404 1106 2448 com·

104 2470 238 2553 motio,
268 2470 320 2533 vel
352 2469 496 2552 brevius,
528 2473 565 2533 ut
595 2469 798 2552 perturbatio
836 2471 879 2534 sit
911 2470 1134 2556 adpetitores

103 2557 382 2641 vehementior,
404 2557 622 2622 vehementior
646 2558 783 2622 autem
772 2580 807 2622 1n
807 2558 1011 2644 tellegatur
1001 2581 1040 2638 rs,
1056 2557 1107 2642 qui

49 2663 84 2712 48
103 2642 215 2728 procul
243 2646 330 2710 absit
316 2649 377 2710 ta
403 2648 460 2709 nat
462 2666 538 2709 urae
566 2648 658 2710 const
660 2646 758 2712 antia.
804 2645 887 2721 Quid
916 2646 957 2711 ad
980 2609 1040 2713 has'
1061 2646 1107 2710 de

103 2733 267 2797 finitiones
295 2733 421 2816 possint
448 2731 575 2796 dicere?
627 2733 735 2819 Atque
757 2732 838 2798 haec
860 2735 1018 2820 pleraque
1040 2736 1108 2799 sunt

104 2820 277 2901 prudenter
300 2823 454 2936 acuteque
478 2797 718 2906 disserentium,
744 2822 804 2886 illa
829 2822 959 2905 quidem
983 2845 1023 2888 ex
1043 2822 1108 2886 rhe-

104 2912 212 2971 torum
235 2929 368 3020 pompa:
401 2907 574 2972 ardores
599 2910 811 2974 animorum
834 2914 1019 2994 cotesque
1040 2911 1138 2974 vir-c

102 2996 164 3058 tut
170 2993 250 3058 um?
295 2993 348 3057 An
377 3016 453 3059 vero
483 2995 531 3059 vir
557 2993 667 3079 fortiS,
692 2996 758 3061 nisi
781 2998 980 3062 stomachari
1002 3019 1058 3063 coe
1058 2997 1110 3082 pit,

103 3103 169 3145 non
187 3083 295 3164 potest
308 3080 403 3145 fortis
417 3082 509 3146 esse?
541 3082 671 3148 Gladiat
657 3085 776 3148 torium
793 3084 827 3148 id
841 3085 987 3169 quidem3
1005 3106 1109 3170 quam·

104 3190 201 3251 quam
224 3169 258 3232 in
281 3168 326 3232 eis
349 3168 429 3252 ipsis
453 3170 597 3236 videmus
621 3193 718 3255 saepe
742 3173 971 3244 constantiam.

148 3279 395 3369 Conloqupnt
400 3304 456 3366 ur,
484 3285 801 3370 congrediuntur,
828 3288 1021 3368 quae'runt
1007 3285 1110 3352 tali·

676 3374 779 3457 quid,
808 3375 1028 3458 postulant,

100 3477 138 3540 ut
162 3476 270 3564 magis
298 3475 421 3563 placati
448 3497 547 3561 quum
571 3477 650 3542 irati
676 3499 745 3541 esse
768 3478 946 3544 videantur.
993 3477 1056 3545 Sed
1080 3479 1143 3544 ins
