2346 3876
105 113 170 177 134
268 113 316 166 DE
335 111 480 166 FINIBUS
498 110 679 166 BONORUM
696 112 743 166 ΕΤ
763 110 945 166 MALORUM

102 276 235 340 liberius
268 276 308 339 ab
342 297 379 339 eo
413 276 562 340 dicuntur
594 278 627 338 et
658 274 815 359 saepius'
845 273 938 350 Quod
967 276 1118 359 equidem

102 385 168 428 non
185 364 356 448 reprend03
375 366 425 428 est
439 366 523 428 enim
542 364 626 427 tanti
644 363 838 446 philosophi·
847 367 979 447 tamque
994 364 1117 428 nobilis

103 452 253 517 audacter
281 474 338 516 sua
370 452 497 516 decreta
529 451 706 515 defendere.
761 449 822 516 Sed
853 454 964 516 tamen
997 473 1037 516 ex
1069 473 1117 537 eo,

104 539 190 626 quod
217 562 288 605 eam
316 540 528 624 voluptatem,
560 561 655 623 quam
683 561 793 607 omnes
823 543 937 624 gentes
964 540 1027 605 hoe
1059 562 1118 605 nc·

103 629 190 692 mine
213 629 393 712 appellant,
416 629 544 692 videtur
567 628 743 712 amplexari
761 649 858 711 saepe
880 627 1139 713 vehementius,⁵

102 716 138 782 in
166 718 293 800 magnis
321 716 484 781 interdum
511 720 658 780 versatur
681 716 856 800 angustiis,
884 718 922 779 ut
944 716 1111 782 hominum

104 805 300 869 conscientia
327 808 452 869 remota
478 804 561 868 nihil
587 807 666 868 tam¹
684 808 778 888 turpe
807 805 864 887 sit,
915 805 980 868 ucd
1003 807 1111 888 volup·

103 893 181 958 tatis
210 915 307 956 causa
333 915 398 957 non
426 891 573 957 videatur
600 914 669 956 esse
692 893 844 956 facturus.
888 826 1031 976 deinde,
1058 894 1109 958 ubi

51 1003 53 1007 ·
104 982 232 1045 erubuit
263 980 326 1067 (vis
359 981 443 1045 enim
476 984 526 1044 est
556 1001 731 1065 permagna
768 979 931 1066 naturae),
969 982 1109 1066 confugit

102 1070 187 1150 illuc,
206 1072 242 1132 ut
260 1072 358 1153 neget
376 1068 525 1133 accedere
548 1069 718 1155 quicquam
736 1091 832 1152 posse
851 1070 891 1133 ad
910 1069 1106 1153 voluptatem
1117 1091 1140 1131 a

102 1157 187 1222 nihil
204 1156 353 1221 dolentis.
390 1157 437 1221 At
456 1158 517 1221 iste
534 1178 601 1220 uon
623 1157 750 1222 dolendi
770 1160 873 1221 status
892 1178 961 1221 non
980 1162 1107 1222 vocatur

102 1246 261 1327 voluptas.
309 1243 384 1309 Non
413 1244 539 1328 labora,
565 1245 686 1328 inquit,
713 1245 752 1308 de
780 1246 918 1309 nomine.
946 1282 993 1291 -
1021 1245 1106 1322 Quid,

103 1333 188 1416 qnod
216 1353 268 1396 res
291 1333 355 1396 adia
381 1335 452 1396 tota
480 1333 550 1397 est?
575 1370 616 1379 -
639 1333 810 1416 Reperiam
834 1334 969 1416 multoe,
992 1335 1044 1398 vel
1066 1335 1107 1398 in·

102 1420 318 1484 numerabiles
345 1420 467 1504 potius,
493 1443 559 1485 ncn
590 1425 660 1485 tam
687 1421 831 1486 curiosos
858 1441 917 1485 nec
944 1426 1015 1486 tam
1046 1443 1108 1486 mo-

102 1510 219 1587 lestos,
242 1531 338 1592 quam
360 1531 419 1574 vus
443 1509 534 1592 ostia,
557 1510 686 1594 quibus,
710 1509 858 1593 quiequid
881 1510 992 1594 velim,
1018 1510 1137 1574 facilen

102 1597 320 1681 persuadeam.
349 1633 388 1644 -
419 1596 501 1672 Quid
529 1617 606 1681 ergo
634 1597 833 1680 dubitemne,
864 1599 956 1681 quin,
990 1599 1018 1662 si
1049 1620 1108 1663 non

99 1685 210 1750 dolere
229 1687 376 1768 voluptas
396 1687 439 1749 sit
458 1707 592 1769 summa,
609 1707 675 1749 non
694 1707 763 1750 esse
781 1686 816 1749 in
832 1686 1002 1769 voluptate
1021 1687 1108 1752 dolor

103 1775 147 1838 sit
170 1773 349 1838 maximus?
373 1795 429 1838 cur
450 1794 517 1838 uon
539 1773 572 1837 id
595 1774 642 1837 ita
665 1773 723 1837 fit?
747 1811 789 1820 -
813 1772 897 1849 Quia
918 1772 1025 1839 dolori
1048 1796 1109 1838 non

52 1863 253 2012 10rclqutas
277 1862 438 1926 contraria
461 1866 524 1962 est,
547 1861 601 1925 sed
625 1861 745 1962 doloris
768 1862 917 1945 privatio.

50 2006 84 2054 2⁹
103 1971 446 2120 trattati?
471 1949 833 2122 1111111111
834 1954 1143 2123 timiditati?

103 2126 248 2208 omnino,
272 2125 348 2209 quid
371 2126 414 2189 sit
432 2126 568 2190 bonum!
592 2124 677 2210 (earn
697 2129 806 2190 autem
828 2126 876 2190 ita
894 2128 1110 2212 persequitur:

103 2235 184 2298 quae
211 2213 322 2297 palato
350 2213 561 2297 percipiatur,
591 2235 671 2298 quae
699 2214 844 2297 auribus3
876 2220 983 2278 cetera
1016 2215 1111 2298 addit

103 2324 185 2386 quae
218 2301 245 2365 si
279 2302 434 2386 appellea,
465 2301 569 2365 hunos
601 2301 794 2384 praefandus
828 2301 883 2388 sit)
910 2302 974 2368 hoc
1004 2292 1111 2388 igitur,

102 2389 188 2474 quod
225 2390 330 2454 solum
365 2389 487 2454 bonum
525 2410 655 2454 severus
692 2395 724 2454 et
755 2391 865 2475 gravis
897 2390 1110 2475 philosophus
1123 2414 1145 2454 a

101 2477 206 2561 novit,
238 2479 322 2542 idem
354 2499 420 2542 non
451 2477 539 2541 videt
565 2499 605 2541 ne
634 2478 845 2562 expetendum
874 2479 1003 2562 quidem
1035 2501 1111 2562 esse,

103 2566 188 2649 quod
220 2588 291 2630 eam
323 2566 522 2649 voluptatem
549 2565 612 2630 hoc
643 2565 754 2647 eodem
782 2570 912 2630 auctore
934 2589 1000 2631 nnn
1032 2567 1112 2632 desi·

102 2654 262 2736 demmus,
299 2675 372 2718 cum
411 2653 522 2718 dolore
555 2676 729 2718 careamus.
784 2653 888 2730 Quam
919 2654 1000 2720 haec
1038 2660 1113 2720 sunt

50 2764 84 2812 30
103 2742 277 2807 contraria!
332 2740 395 2805 Hic
423 2741 450 2805 si
478 2740 623 2825 definire,
652 2743 680 2806 si
708 2742 847 2806 dividere
877 2742 1058 2828 didicisset,
1085 2744 1113 2808 si

103 2830 254 2914 loquendi
291 2830 370 2912 vim,
407 2829 435 2893 si
472 2829 605 2912 denique
644 2831 907 2894 consuetudinem
939 2832 1112 2897 verborum
1126 2855 1149 2895 ar

102 2921 240 3001 teneret,
262 2938 439 3000 numquam
456 2918 491 2981 in
512 2920 620 2981 tantas
644 2918 788 2982 salebras
808 2919 982 2984 incidisset.
1018 2919 1113 2985 Nunc

102 3007 206 3084 vides,
230 3004 307 3088 quid
328 3005 436 3069 faciat.
489 3005 593 3080 Quam
616 3027 711 3070 neruo
735 3029 888 3091 umquam
911 3008 1115 3091 voluptatem

104 3093 293 3178 appellavit,
313 3093 469 3177 appellat3
493 3115 574 3177 quae
593 3093 655 3157 duo
676 3099 764 3178 sunt,
782 3117 881 3159 unum
899 3094 987 3160 facit.
1020 3096 1114 3161 Hane

102 3184 135 3247 in
168 3185 259 3246 motu
290 3181 491 3265 voluptatem
519 3178 581 3265 (sic
612 3182 698 3245 enim
727 3182 786 3246 has
815 3200 930 3246 suaves
958 3188 991 3247 et
1022 3185 1115 3268 quasi

103 3270 210 3334 dulces
239 3270 422 3352 voluptates
446 3266 603 3353 appellat)
627 3270 787 3334 interdum
815 3271 863 3334 ita
885 3274 1052 3356 extenuat,
1079 3277 1153 3337 utar

103 3357 155 3422 Μ’.
174 3354 305 3422 Curium
329 3361 423 3442 putes
440 3356 543 3441 loqui,
566 3357 727 3422 interdum
749 3359 801 3429 ita,
819 3358 944 3442 laudat,
967 3365 1013 3443 ut,
1038 3359 1115 3444 quid

95 3449 269 3526 praeterea
292 3446 336 3510 sit
357 3446 492 3528 bonum,
514 3449 610 3532 neget
633 3468 667 3511 se
689 3468 785 3530 posse
804 3467 845 3511 ne
864 3447 1024 3531 suspicari
1047 3449 1117 3533 qui·
