2356 3870
60 161 190 217 hlaiv,
209 161 338 217 carce.
357 169 477 231 seam.
504 163 615 217 slav.
634 162 716 218 ARG.
737 162 813 218 CAP.
825 171 848 218 r.
866 169 969 229 §1-3.
1005 162 1073 225 425

62 322 239 377 demonstrat
256 321 391 377 virtutem
405 322 515 376 efficere
534 322 676 376 hominem
688 339 744 376 non
757 323 847 376 solum
860 322 982 389 beatum,
996 322 1072 389 quod

62 392 100 447 sit
119 392 222 446 Stoicis
241 409 304 447 cum
322 393 613 448 Academiaeveteris
636 392 810 462 philosophis
830 396 859 448 et
875 391 1072 460 Peripateticis

62 479 222 529 commune,
243 463 292 516 sed
311 461 397 517 etiam
415 462 608 518 beatissimum
622 462 668 517 vel
682 463 712 516 in
729 461 853 517 cruciatu
870 465 899 516 et
916 462 1072 530 tormentis,

62 532 139 601 quod
158 536 256 587 contra
279 532 374 587 dicant
396 532 535 587 Platonici
558 535 587 587 et
603 532 797 602 Peripatetici,
820 532 867 600 qui
889 532 993 586 virtute
1012 531 1072 599 qui·

62 603 128 656 dem
146 603 260 656 beatam
281 602 371 658 vitam
394 619 454 657 esse
478 603 660 671 contendant,
684 603 734 657 sed
752 603 910 657 accessione
934 603 1072 656 bonomm

62 673 189 742 corporis
212 675 241 727 et
262 673 392 728 fortunae
410 673 471 727 fieri
492 673 647 728 beatiorem
666 675 737 742 (cap.
759 677 889 743 14-28).
925 674 1072 727 Postremo

62 743 201 798 subicitur
218 744 304 812 longa
323 743 491 813 disputatio,
510 761 565 812 qua
582 743 664 797 initio
678 761 696 798 a
709 743 863 798 Platonicis
882 745 910 798 et
927 743 1071 812 Peripate-

62 813 126 867 ticis
145 816 221 868 facto
241 814 410 882 ostenditur,
430 831 484 882 quo
503 815 587 868 modo
605 816 638 868 ut
656 815 811 868 ceterorum
830 814 966 880 omnium,
984 813 1025 866 ita
1042 813 1072 867 in

63 883 162 953 primis
180 883 381 953 Epicureorum
401 885 435 938 de
454 885 508 938 fine
526 885 663 938 bonorum
681 884 836 938 sententiae
855 886 1071 938 consentaneum

63 955 146 1023 putet
164 954 304 1023 sapientes
323 970 433 1023 semper
449 955 626 1008 beatissimos
646 954 737 1008 dicere
756 957 827 1024 (cap.
847 957 979 1023 29-41).

131 1114 267 1190 Quintus
286 1116 339 1180 hic
357 1115 439 1199 dies,
458 1113 571 1198 Brute,
585 1116 683 1179 finem
701 1115 801 1180 faciet
818 1116 1071 1180 Tusculanarum
1091 1075 1107 1197 l
1145 1127 1150 1134 ·

64 1203 334 1287 disputationum,
365 1225 427 1287 quo
458 1203 508 1266 die
536 1208 585 1268 est
609 1226 628 1267 a
650 1205 744 1268 nobis
768 1225 805 1267 ea
833 1205 871 1268 de
899 1226 946 1288 re,
974 1225 1071 1287 quam

64 1295 100 1354 tu
123 1312 162 1354 ex
186 1291 336 1355 omnibus
360 1291 499 1355 maxime
522 1292 654 1374 probas,
682 1292 890 1373 disputatum.
939 1291 1071 1356 Placere

65 1379 149 1442 enim
168 1379 230 1442 tibi
250 1378 422 1442 admodum
441 1379 527 1442 sensi
546 1382 578 1442 et
602 1400 639 1442 ex
659 1401 696 1443 eo
719 1380 816 1462 libr0,
839 1401 934 1464 quem
957 1379 997 1442 ad
1020 1401 1072 1443 me

40 1466 305 1530 succuratissime
329 1467 500 1549 scripsisti,
531 1470 624 1530 et'ex
647 1467 758 1530 multis
783 1467 983 1531 sermonibus
1006 1467 1071 1531 tuis

63 1554 215 1618 virtutem
244 1554 283 1617 ad
311 1555 405 1618 beate
432 1553 602 1618 vivendum
631 1575 665 1618 se
692 1554 764 1637 ipsa
786 1575 855 1619 esse
878 1558 1071 1618 contentam.

64 1640 157 1717 Quod
185 1642 246 1706 etsi
274 1641 403 1706 difficile
432 1646 481 1706 est
506 1643 645 1725 probatu
671 1644 804 1724 propter
830 1647 898 1706 tam
925 1642 1017 1706 varia
1040 1645 1073 1706 et

63 1733 133 1793 tam
151 1730 254 1793 multa
276 1733 438 1793 tormenta
460 1729 624 1813 fortunae,
646 1730 711 1793 tale
733 1733 841 1793 tamen
865 1734 926 1814 est,
948 1732 986 1793 ut
1008 1729 1071 1793 ela·

63 1817 244 1881 horandum
268 1818 324 1900 sit,
352 1839 415 1901 quo
440 1816 566 1882 facilius
589 1819 751 1901 probetur.
796 1817 888 1882 Nihil
912 1822 962 1881 est
986 1818 1072 1881 enim

40 1905 222 1988 somnium,
246 1927 326 1989 quae
344 1905 379 1968 in
395 1905 603 1989 philosophia
621 1908 815 1989 tractantur,
836 1905 921 1988 quod
941 1904 1071 1988 gravius

63 1993 386 2076 magnificentiusque
416 1992 548 2057 dicatur.
602 1991 688 2057 Nam
718 2015 790 2057 cum
819 2015 857 2057 ea
886 2014 982 2057 causa
1013 1993 1109 2056 im-2

62 2081 184 2163 pulerit
203 2103 266 2165 eos,
289 2082 344 2165 qui
363 2081 459 2164 primi
479 2103 512 2145 se
533 2080 573 2146 ad
591 2081 816 2165 philosophiae
836 2081 978 2145 studium
997 2101 1071 2144 oon-

62 2168 221 2252 tulerunt,
254 2168 468 2233 utomnibus
499 2169 595 2233 rebus
628 2169 826 2251 posthabitis
856 2173 944 2234 totos
973 2191 1007 2232 se
1039 2169 1074 2232 in

64 2259 198 2338 optumo
225 2257 312 2320 vitae
341 2259 429 2320 statu
456 2256 650 2339 exquirendo
682 2257 898 2340 conlocarant,
927 2257 1073 2339 profecto

40 2364 122 2427 ispe
140 2343 234 2407 beate
252 2344 380 2408 vivendi
403 2348 527 2407 tantam
550 2344 585 2406 in
609 2365 646 2408 eo
671 2344 776 2408 studio
801 2367 908 2409 curam
929 2365 1072 2426 operam·

65 2453 127 2514 que
145 2435 329 2514 posuerunt.
361 2431 483 2507 Quodsi
498 2431 539 2494 ab
557 2431 597 2495 iis
616 2431 747 2495 inventa
763 2434 796 2494 et
813 2432 957 2514 perfecta
970 2431 1073 2495 virtus

64 2523 129 2603 est,
152 2522 185 2583 et
208 2520 237 2582 si
258 2520 411 2603 praesidii
430 2520 469 2583 ad
488 2519 582 2582 beate
605 2518 777 2583 vivendum
800 2519 834 2582 in
852 2519 972 2582 virtute
992 2518 1072 2582 satis

64 2611 128 2691 est,
157 2608 228 2691 quis
257 2610 320 2691 est,
346 2607 401 2690 qui
427 2630 493 2672 non
519 2607 684 2691 praeclare
711 2610 744 2670 et
771 2607 811 2670 ab
841 2606 908 2669 illis
931 2606 1072 2688 positam

64 2698 98 2758 et
113 2695 239 2758 anobis
259 2698 440 2778 susceptam
456 2716 587 2777 operam
607 2693 858 2778 philosophandi
876 2693 1071 2758 arbitretur?

40 2780 124 2847 oSin
142 2785 250 2846 autem
268 2783 371 2846 virtus
390 2783 533 2846 subiecta
553 2782 612 2846 sub
631 2782 738 2847 varios
758 2783 958 2865 incertosque
979 2803 1075 2846 casus

64 2869 188 2933 famula
214 2869 364 2934 fortunae
393 2874 443 2934 est
469 2892 527 2934 nec
555 2874 720 2934 tantarum
747 2870 864 2934 virium
890 2873 953 2953 est,
980 2872 1016 2933 ut
1038 2890 1072 2932 se

64 2958 136 3040 ipsa
154 2961 297 3040 tueatur,
315 2979 442 3042 vereor,
459 2979 500 3022 ne
517 2979 584 3022 non
601 2962 670 3022 tam
688 2958 816 3022 virtutis
834 2957 952 3022 fiducia
968 2958 1072 3021 niten-

64 3044 141 3109 dum
159 3046 254 3109 nobis
274 3045 313 3109 ad
333 3067 423 3129 spem
446 3046 539 3110 beate
558 3045 686 3110 vivendi
709 3067 805 3130 quam
827 3050 904 3110 vota
926 3044 1072 3110 facienda

63 3132 240 3197 videantur.
283 3132 442 3216 Equidem
465 3155 519 3198 eos
544 3155 651 3215 casus,
674 3133 708 3196 in
731 3134 847 3216 quibus
870 3154 921 3197 me
943 3133 1108 3197 fortunas

40 3220 273 3287 svehcmenter
291 3221 446 3302 exercuit,
468 3243 593 3285 mecum
611 3221 681 3303 ipse
700 3220 906 3284 considerans
928 3219 1003 3283 huic
1026 3220 1072 3282 in·

64 3307 150 3392 cipio
174 3308 350 3373 sententiae
375 3308 519 3373 diffidere
542 3308 704 3372 interdum
728 3312 761 3373 et
788 3307 922 3372 humani
945 3308 1072 3390 generis

63 3396 322 3460 imbecillitatem
359 3395 635 3480 fragilitatemque
674 3397 889 3460 extimescere.
949 3393 1073 3459 Vereor

64 3484 165 3568 enim,
188 3505 228 3548 ne
251 3486 380 3569 natura,
408 3505 480 3549 cum
504 3505 639 3567 corpora
660 3484 756 3548 nobis
780 3483 910 3548 infirma
932 3482 1073 3546 dedisset
