2346 3876
116 183 182 236 XIV
430 181 640 238 ADNOTATIO
660 181 810 238 ORITIOA.

190 341 219 395 P.
230 345 272 396 86.
285 346 318 394 14
332 358 372 408 sq.
386 341 496 408 quierem
510 341 580 395 coni.
594 341 696 410 Halm,
711 341 806 411 serips.
823 341 991 411 Quioherat,
1005 345 1055 413 qai
1069 361 1134 400 cum

19 417 30 428 “
115 412 192 481 vulg.
213 443 246 451 -
264 410 293 463 P.
310 416 351 466 86.
367 416 401 463 20
419 412 454 465 ab
473 427 558 480 cerro
577 411 705 476 Qnicher.
722 428 774 480 pro
793 428 806 466 e
824 429 884 480 qao.
899 445 932 452 —
946 413 976 466 P.
991 419 1034 468 87.
1051 421 1068 468 6
1087 433 1130 484 sq.

117 482 159 534 Et
176 483 284 551 quidem
302 497 389 549 aquom
405 482 522 535 tinctae
534 482 652 550 quodam
664 482 782 536 modoet
798 483 924 548 ioseetoe
941 483 1027 538 Nonii
1040 486 1135 541 verba

117 567 177 606 esse
205 551 346 606 existimat
369 551 467 616 Quich.
489 581 524 615 ,-
548 551 578 603 Ρ.
597 555 677 607 87.8
706 552 912 620 Perperedioerlo
937 569 989 607 em.
1019 554 1131 624 Quich,

117 621 197 676 codd.
213 623 242 676 et
255 621 335 676 editt.
345 621 548 690 perpendiculi.
563 651 596 660 -—
610 620 639 674 P.
653 627 696 676 87.
708 628 741 675 12
755 639 795 690 sq.
810 624 884 678 aiios
897 625 1060 679 volentibus
1074 629 1129 680 etc.

119 691 230 761 Quich.,
249 693 322 746 aiios
339 692 595 757 adulescentibus,
613 692 688 746 aiios
700 694 802 761 oepris,
821 695 912 748 alios
925 697 1035 761 sortis,
1054 697 1131 749 ulios

116 764 195 816 siccis
217 762 293 831 vulg.
314 795 346 802 --
364 760 395 816 P.
414 767 456 816 87.
477 767 510 814 19
530 766 625 828 potere
646 763 772 816 rideatur
796 763 872 816 idem
891 780 906 817 e
925 764 1020 832 codd,
1043 771 1134 832 poter

116 848 170 886 esse
186 832 413 897 rideturHalm,
431 831 504 885 Bait.
523 863 557 871 -
575 831 605 885 P.
619 835 662 886 87.
682 838 716 886 22
735 833 796 887 Hoc
813 833 912 903 fragm.
932 834 1008 904 apud
1027 835 1128 900 Quich.

116 902 257 957 invenitur
274 904 339 971 post
362 902 522 968 Virdieare,
539 917 671 960 reuocare.
686 933 720 942 -
733 901 764 956 P.
777 908 821 957 87.
836 910 869 958 23
888 909 913 958 et
931 905 995 958 add.
1011 905 1128 973 Quich.;

115 974 147 1026 ire
165 972 259 1038 codd,
283 971 393 1039 Quich,
417 988 477 1025 crem
494 972 570 1041 vulg.
589 1003 623 1011 -
641 972 671 1027 P.
690 977 733 1028 88.
753 979 769 1026 2
787 975 894 1029 secatis
911 974 1066 1028 Patricium
1085 993 1128 1030 se·

117 1043 175 1096 cuti
192 1043 285 1098 Halm.
305 1044 334 1096 et
351 1042 424 1096 Bait.
443 1073 476 1082 -
495 1040 525 1095 P.
539 1047 581 1096 88.
596 1049 629 1096 21
648 1058 706 1098 rore
722 1060 774 1113 pro
792 1045 865 1098 nibil
882 1045 912 1098 et
924 1063 950 1099 v.
965 1051 1000 1099 33
1015 1063 1055 1113 sq.
1076 1061 1133 1100 sero

115 1115 219 1168 iudicio
237 1128 289 1182 pro
307 1113 411 1166 iudicio
428 1127 478 1166 sero
495 1111 601 1166 invitus
614 1112 720 1182 scripsi.
740 1143 773 1153 —
792 1112 822 1168 P.
837 1119 881 1170 89.
895 1120 911 1168 2
925 1117 1133 1185 interropetor

117 1183 227 1252 scripsi,
246 1183 322 1252 vulg.
341 1184 616 1254 interrepererrtar3
638 1200 705 1239 nam
724 1183 851 1252 quamvis
869 1185 1022 1254 neglegens
1040 1185 1131 1239 fuerit

116 1253 288 1323 Augustinus
313 1253 342 1306 in
360 1252 547 1306 exscribendis
570 1254 716 1307 auctorum
737 1253 843 1321 verbis,
866 1256 899 1308 ut
917 1255 983 1322 fuit,
1008 1272 1044 1309 ne
1062 1256 1128 1324 ipso

117 1324 230 1392 quidem
248 1323 334 1392 digna
347 1326 389 1377 est
406 1323 473 1377 talis
488 1325 628 1377 structura
643 1323 789 1377 orationis:
810 1325 885 1378 Zereo
897 1326 939 1379 oei
953 1325 1128 1394 Chrysippus

115 1396 142 1448 si
154 1396 432 1463 interrogarentur,
445 1395 507 1462 quis
519 1395 565 1446 sit
577 1394 696 1462 sopiens,
708 1395 904 1462 respondebit.
915 1427 949 1435 -
959 1394 988 1449 P.
1001 1399 1046 1450 89.
1056 1402 1073 1450 8
1084 1412 1128 1464 sq.

116 1465 154 1520 od
170 1465 243 1519 nebit
264 1465 343 1519 aliod
360 1493 395 1503 -
413 1480 495 1533 qoam
517 1464 559 1518 od
582 1465 643 1517 bore.
662 1495 696 1503 -
714 1464 820 1531 Halm,
846 1464 919 1520 Bait.
939 1465 964 1520 A
983 1464 1128 1520 Ciceronis

117 1534 317 1589 consuetudine
339 1550 395 1588 non
418 1550 473 1588 uno
491 1533 604 1587 nomine
622 1533 772 1588 abhorrere
795 1535 833 1589 ad
849 1536 922 1590 reibii
939 1537 1019 1590 aliod
1042 1552 1128 1604 qoam

115 1607 277 1660 honestatem
300 1605 407 1658 certum
429 1606 484 1670 cst,
506 1603 693 1672 Augustinum
716 1604 829 1672 quidem
851 1621 909 1659 non
926 1605 1017 1675 magis
1040 1606 1130 1660 credo

116 1674 258 1729 dubitasse
284 1674 403 1728 scribere
428 1691 510 1743 quom
532 1675 694 1728 booestatem
717 1691 802 1743 quam
824 1676 862 1729 od
883 1677 955 1730 nibil
977 1677 1065 1730 aliod.
1091 1705 1128 1716 -

115 1745 144 1800 P.
164 1751 206 1800 89.
228 1750 260 1799 15
278 1749 385 1799 tontum
404 1761 421 1798 a
439 1743 550 1798 Klotzio
568 1743 686 1812 sumpsi,
704 1749 794 1798 tamen
811 1745 918 1812 Halm,
937 1746 1010 1800 Bait.

186 1815 363 1868 Librorum
382 1814 421 1867 de
439 1813 568 1867 finibus
585 1814 841 1882 praestantissimos
861 1816 969 1870 codices
988 1816 1128 1870 habemus

115 1885 310 1939 Palatinum
323 1884 357 1950 A,
372 1884 421 1953 qui
431 1885 527 1937 tamen
541 1883 773 1953 descirpserat
787 1885 869 1939 huius
883 1886 959 1955 edit,
974 1888 1003 1939 et
1015 1885 1127 1940 Palat.

115 1956 138 2008 B
152 1957 237 2023 atque
251 1954 385 2023 Erlang.
413 1954 472 2008 Hos
487 1954 561 2008 solos
579 1953 713 2008 adhibere
731 1956 819 2008 testes
837 1956 911 2010 solet
923 1956 995 2011 Bait.
1011 1956 1126 2011 incdit.

116 2025 200 2079 Orell.
215 2025 256 2092 Il,
274 2040 326 2078 nec
343 2025 439 2078 tamen
453 2039 546 2087 carere
560 2040 706 2092 possumus
720 2025 783 2079 aliis
798 2026 911 2080 omnino
929 2026 1126 2094 deterioribus,

116 2096 165 2149 sed
186 2111 396 2163 nonnumquam
418 2110 474 2148 non
501 2094 591 2148 solum
612 2094 703 2148 minus
722 2095 894 2164 depravatis,
920 2097 1126 2151 verumetiam

115 2164 301 2233 plenioribus3
329 2163 449 2218 maxime
476 2163 506 2217 in
530 2165 679 2219 verborum
702 2165 887 2220 collocatione
909 2183 966 2220 non
991 2183 1127 2235 magnam

116 2251 176 2289 esse
195 2233 317 2291 Palatini
335 2235 357 2286 B
377 2236 406 2288 et
423 2234 602 2303 Erlangensis
619 2235 703 2288 fidem
722 2235 806 2289 docet
822 2235 880 2290 Pal.
899 2236 932 2290 A.

185 2303 216 2359 P.
236 2311 278 2358 33.
298 2310 314 2357 3
333 2311 358 2358 et
379 2305 414 2358 bi
435 2305 542 2372 peridem
564 2304 643 2358 codd.
668 2307 697 2358 et
715 2305 789 2372 edd,
812 2323 839 2359 v.
859 2312 875 2360 5
901 2322 1010 2375 qnoque
1029 2311 1054 2360 et
1072 2308 1129 2362 bis

115 2376 222 2444 quidem
240 2373 331 2428 estin
348 2374 391 2440 A,
410 2373 440 2427 in
457 2374 480 2427 B
503 2376 553 2444 irps
575 2375 622 2427 ‘et
643 2374 683 2428 sic
702 2391 823 2443 semper,
846 2391 881 2429 ne
900 2376 986 2431 semel
1010 2377 1126 2445 quidem

114 2446 176 2502 iis'.
191 2475 224 2485 -
239 2445 269 2500 P.
284 2450 325 2498 94.
341 2450 374 2498 23
391 2444 522 2498 Porcium
534 2444 677 2512 licinum,
694 2461 751 2499 non
764 2446 919 2513 Iricireium,
937 2447 970 2499 ut
987 2446 1125 2515 scriptum

115 2515 204 2570 estin
222 2514 302 2570 codd.
317 2517 347 2569 et
365 2514 426 2569 edd.
444 2514 583 2581 omnibns,
602 2515 806 2585 epigrammata
824 2516 860 2569 de
877 2517 970 2584 poetis
988 2516 1127 2571 Romanis

114 2585 258 2711 ξὲῗέἒῗῗ
270 2584 659 2724 diffiditissptdtffi·
674 2590 712 2709 ΜΡ
733 2587 826 2709 itt
839 2586 1124 2711 distillet·

211 2699 217 2710 ·
325 2699 331 2710 ·
381 2696 387 2721 r
480 2696 486 2708 ·
611 2697 617 2708 ·
713 2698 719 2710 ·
770 2697 777 2708 ·
1107 2698 1125 2722 ·r

114 2727 184 2781 Bait.
200 2757 233 2766 —
248 2725 278 2779 P.
294 2732 336 2780 97.
352 2731 386 2778 15
404 2727 519 2780 tribuat
533 2725 592 2781 cod.
606 2724 640 2792 A,
656 2725 748 2780 Madv.
762 2741 814 2793 pro
832 2726 938 2780 tribuit.
953 2756 986 2764 -
1001 2724 1032 2780 P.
1048 2733 1092 2780 99.
1108 2735 1126 2782 6

114 2799 240 2851 intimam
258 2799 336 2850 recte
353 2794 466 2849 videtur
479 2794 630 2849 coniecisse
647 2794 734 2848 Jonas
751 2794 781 2848 in
799 2793 906 2850 dissert.
929 2795 1021 2848 Berol.
1039 2800 1125 2864 1870,

115 2867 194 2922 codd.
214 2868 243 2920 et
260 2866 336 2935 vulg.
358 2866 498 2931 citimam,
520 2865 595 2933 quod
617 2864 708 2918 Madv.
727 2864 769 2917 ita
791 2865 924 2931 defendit,
944 2867 977 2919 ut
1001 2864 1046 2918 ‘in
1069 2867 1126 2920 hac

114 2936 329 2992 coacervatione
351 2934 398 2989 vix
424 2938 483 2989 tam
506 2935 670 3004 diligentem
693 2933 854 2988 Ciceronem
875 2935 978 2988 fnisse'
1006 2937 1123 2991 statuat.

113 3009 258 3074 Eretremo,
276 3007 294 3061 i.
314 3022 337 3061 e.
356 3007 388 3077 τῇ
410 3007 577 3078 περιφερείᾳ
600 3007 636 3072 (v.
658 3005 692 3058 de
716 3003 792 3059 deor.
815 3006 872 3058 nat.
895 3005 922 3058 Il
946 3008 987 3058 18.
1012 3010 1046 3059 47
1066 3022 1125 3074 ex.,

114 3079 193 3132 Varr.
219 3078 253 3131 de
275 3094 306 3131 re
328 3080 396 3130 rust.
418 3077 432 3130 I
455 3081 495 3130 51.
517 3082 545 3143 ¹3
569 3074 640 3130 Tim.
665 3081 681 3128 6
704 3075 858 3128 extremitas
882 3075 1022 3143 vocatur),
1045 3079 1127 3131 recte

115 3148 264 3217 opponitur
285 3149 425 3212 intimam,
447 3145 465 3200 i.
490 3162 514 3200 e.
536 3145 670 3213 medium,
694 3143 770 3214 quod
793 3143 925 3211 quoniam
947 3143 1040 3213 ipsum
1065 3146 1125 3200 iam

114 3218 273 3287 oppositum
291 3219 353 3271 erat
370 3232 472 3271 sommo
491 3218 520 3269 et
536 3216 642 3282 infimo,
664 3215 697 3266 ut
715 3212 883 3267 contrarium
897 3219 1013 3269 eatrerno
1031 3217 1125 3284 repeti

112 3305 169 3343 non
190 3290 311 3357 poterat.
335 3317 369 3326 -
392 3286 422 3340 P.
442 3292 484 3342 99.
503 3292 537 3339 22
560 3287 679 3340 deors-us
701 3283 761 3338 cod.
785 3282 818 3337 A.
860 3283 931 3337 Mihi
951 3301 1008 3337 non
1030 3288 1123 3355 magis

113 3376 197 3427 quam
211 3356 354 3426 Madvigio
374 3355 461 3409 ‘certi
474 3356 625 3424 quidquam
641 3354 771 3408 effectum
787 3353 822 3406 de
839 3353 894 3407 hac
908 3353 1013 3422 duplici
1030 3354 1127 3411 forma

112 3429 243 3483 videtur?
286 3428 361 3496 Ergo
384 3426 487 3480 talibus
509 3426 539 3480 in
557 3426 640 3480 rebus
663 3424 690 3478 ei
708 3421 881 3491 auctoritati,
905 3441 961 3492 qua
985 3424 1123 3480 maiorem

109 3515 166 3551 non
181 3498 326 3564 habemus,
341 3497 410 3550 cedo
425 3511 476 3550 nec
492 3496 595 3549 ‘ullam
608 3494 746 3549 rationem
756 3493 831 3547 esse'
849 3510 948 3547 censeo
962 3496 1126 3565 propterea,
