2356 3870
181 161 734 232 mmmmmffim.
898 163 959 227 M

39 326 107 407 tas,
130 323 329 405 coniunctio,
352 322 486 406 caritas,
515 327 548 387 et
570 324 788 389 emolumenta
811 329 844 389 et
867 325 962 390 detri-

40 433 76 495 a,
100 433 183 495 quae
206 405 405 494 ὠφελήματα
429 414 462 474 et
483 408 657 493 βλάμματα
678 412 855 496 appellant,
878 435 962 477 com-

40 521 64 563 a
89 519 160 563 esse
183 498 368 582 coluerunt3
392 520 529 581 quorum
548 498 650 562 altera
673 502 823 582 prosunt,
845 504 963 564 nocent

40 609 65 651 a.
100 585 215 670 Neque
233 587 338 650 solum
357 607 395 649 ea
413 586 604 668 communia,
622 607 733 651 verum
753 586 852 650 etiam
870 589 963 669 paria

56 674 214 738 dixerunt.
267 672 478 738 Incommode
510 677 618 738 autem
646 677 679 736 et
705 674 875 738 commoda
903 673 962 758 (ita

40 756 319 845 ,εὐχρηστήματα
346 764 379 824 et
407 757 681 845 δυσχρηστήματα
709 761 853 846 appello)
876 783 963 827 oom-

40 849 67 912 ia
98 870 168 913 esse
200 849 385 932 voluerunt,
414 849 505 931 paria
536 850 716 914 noluerunt.
773 848 836 913 Illa
868 851 963 934 enim,

70 939 207 1019 prosunt
233 940 289 1001 aut
320 957 401 1020 quae
432 939 562 1021 nocent,
594 941 650 1001 aut
680 937 767 1002 bona
799 941 874 1001 sunt
906 944 963 1002 aut

40 1070 56 1107 .‚
82 1046 163 1108 quae
193 1023 259 1088 sint
285 1025 376 1108 paria
402 1044 532 1088 necesse
560 1027 622 1108 est3
655 1025 823 1090 commoda
853 1029 962 1090 autem

40 1111 216 1177 [commoda
239 1111 274 1175 in
296 1133 333 1176 eo
358 1131 474 1196 genere
498 1114 585 1197 sunt,
613 1135 694 1196 quae
718 1114 907 1196 praeposita
930 1117 963 1178 et

40 1202 75 1262 ta
110 1199 260 1283 dicimus3
296 1221 334 1264 ea
370 1203 508 1282 possunt
539 1200 640 1283 paria·
664 1223 730 1266 non
762 1223 840 1266 esse.
899 1199 963 1266 Sed

40 1290 173 1351 omenta
210 1287 393 1353 communia
426 1309 495 1352 esse
534 1288 696 1372 dicuntur,
733 1293 818 1354 recte
855 1293 962 1354 autem

40 1401 45 1437 l
66 1378 98 1438 et
120 1378 255 1458 peccate
276 1397 343 1440 non
364 1375 525 1440 habentur
548 1377 736 1440 communia.
772 1377 962 1442 Amicitiam
981 1390 1015 1439 to

40 1484 65 1526 m
82 1461 298 1528 adhibendam
317 1483 387 1527 esse
406 1466 546 1545 censent,
566 1464 643 1546 quia
662 1465 706 1526 sit
721 1485 760 1527 ex
779 1486 817 1528 eo
836 1485 963 1548 genere,

74 1554 219 1633 prosunt.
274 1550 476 1635 Quamquam
513 1553 621 1615 autem
657 1550 692 1614 in
729 1551 873 1615 amicitia
909 1553 964 1617 alii

40 1641 66 1701 st
93 1660 193 1721 aeque
220 1660 329 1703 caram
357 1660 426 1703 esse
454 1639 592 1721 sapienti
619 1637 778 1716 rationem
806 1639 902 1702 amici
925 1660 963 1703 ac

40 1748 63 1809 ι,
89 1726 146 1791 alii
174 1729 282 1790 autem
310 1726 373 1790 sibi
401 1726 513 1810 cuique
543 1727 698 1790 cariorem
722 1748 826 1809 suam,
854 1729 964 1790 tamen

40 1836 138 1897 noque
160 1814 359 1897 posteriores
377 1813 520 1878 fatentur
540 1814 680 1878 alienum
702 1835 772 1878 esse
791 1836 810 1878 a
828 1814 963 1894 iustitia,

40 1924 120 1985 [uam
147 1902 217 1965 nati
246 1923 315 1966 esse
339 1901 518 1985 videamur,
544 1901 713 1966 detrahere
741 1902 816 1986 quid
844 1902 882 1966 de
906 1903 963 1966 ali-

61 1989 146 2074 quod
169 1989 232 2053 sibi
256 1994 409 2054 assumat.
453 1988 586 2053 Minime
609 2012 685 2055 vero
710 1990 867 2074 probatur
888 1990 964 2054 huic

40 2078 155 2161 plinae,
174 2077 213 2140 de
233 2099 297 2160 qua
314 2077 440 2161 loquor,
459 2081 516 2141 aut
534 2078 693 2142 iustitiam
712 2083 769 2142 aut
788 2079 964 2142 amicitiam

40 2169 87 2230 ter
110 2165 270 2229 utilitates
294 2164 429 2230 adscisci
452 2168 509 2229 aut
530 2163 670 2248 probari.
712 2165 854 2230 Eaedem
877 2167 964 2230 enim

40 2257 113 2318 ates
142 2256 295 2336 poterunt
329 2275 383 2318 eas
415 2252 612 2318 labefactare
645 2257 741 2336 atque
772 2258 963 2335 pervertere.

40 2342 87 2406 im
106 2362 165 2406 nec
183 2340 310 2405 iustitia
327 2362 386 2405 nec
403 2341 546 2405 amicitia
565 2362 634 2405 esse
653 2340 783 2405 omnino
802 2344 964 2425 poterunt,

51 2431 143 2513 ipsae
174 2451 232 2512 per
260 2451 294 2493 se
322 2431 522 2511 expetuntur.
570 2428 624 2492 lus
653 2432 775 2511 antem,
806 2428 889 2511 quod
917 2430 964 2493 ita
983 2442 1014 2490 71

46 2518 266 2601 appellarique
292 2517 411 2600 possit,
443 2517 476 2580 id
505 2537 575 2581 esse
602 2519 731 2598 natura,
761 2515 964 2599 alienumque
1017 2532 1044 2601 4

49 2627 69 2669 a
92 2605 238 2688 sapiente
260 2626 327 2670 non
345 2603 440 2669 modo
464 2605 615 2668 iniuriam
637 2604 689 2668 cui
712 2603 829 2686 facere,
852 2625 964 2668 verum

40 2714 203 2757 onocere.
248 2690 317 2757 Nec
344 2713 419 2757 vero
447 2696 571 2757 rectum
599 2695 649 2756 est
679 2714 751 2757 cum
775 2692 885 2756 amicis
910 2696 965 2756 aut

78 2780 203 2845 meritis
246 2781 430 2845 consociare
474 2784 531 2844 aut
566 2780 761 2864 coniungere
801 2780 965 2863 iniuriam,

40 2869 210 2951 issimeque
230 2872 263 2933 et
281 2868 446 2933 verissime
465 2867 647 2932 defenditur
662 2890 838 2952 numquam
857 2869 964 2952 aequi-

40 2980 56 3021 n
80 2957 123 3022 ab
141 2957 283 3021 utilitate
305 2978 401 3040 posse
422 2956 562 3041 seiungi,
585 2958 630 3038 et,
654 2956 801 3040 quicquid
826 2978 964 3039 aequum

43 3066 139 3129 mque
181 3048 281 3128 esset,
325 3043 359 3108 id
394 3045 493 3108 etiam
536 3043 708 3109 honestum
749 3045 965 3127 vicissimque,

40 3133 107 3217 [uid
153 3137 238 3197 esset
276 3132 462 3216 honestum,
502 3131 535 3195 id
570 3132 691 3194 iustum
732 3131 831 3195 etiam
867 3136 964 3216 atque

40 3243 94 3285 um
122 3220 199 3285 fore.
249 3220 300 3284 Ad
329 3241 445 3304 easque
474 3220 623 3300 virtutes,
650 3218 689 3281 de
716 3219 831 3301 quibus
856 3219 963 3302 dispu·
983 3231 1015 3280 72

40 3331 62 3374 n
86 3311 150 3391 est,
178 3309 378 3373 dialecticam
406 3308 505 3372 etiam
528 3307 709 3390 adiungunt
732 3309 764 3368 et
784 3305 965 3390 physicam,

40 3417 73 3462 ne
105 3394 218 3460 ambas
249 3397 405 3460 virtutum
437 3396 569 3460 nomine
606 3393 783 3478 appellant,
820 3394 964 3477 alteram,

62 3482 184 3550 habeat
206 3484 382 3567 rationem,
404 3505 444 3548 ne
468 3484 519 3548 cui
541 3481 625 3547 falso
651 3480 866 3548 assentiamur
882 3502 963 3546 neve
