2346 3876
58 218 60 222 Ι
104 149 194 203 XXIV
418 148 631 205 ADNOTATIO
651 149 800 206 CRITlCA.

105 307 164 361 alia
187 307 244 362 nisi
266 307 389 362 hnmano
410 307 529 375 sipara
551 308 581 362 et
603 307 673 362 Sest.
694 313 735 363 60.
757 313 807 363 128
833 310 911 364 onias
930 315 1044 378 propter
1063 326 1120 366 so-

105 378 203 431 intem
227 378 284 432 nisi
306 393 403 442 meam,
431 377 578 431 dissimilia
600 380 672 434 sunt.
697 408 729 419 -
752 379 783 432 P.
803 384 863 435 210.
882 385 916 434 36
939 381 1121 449 siqnificant

104 446 177 503 Bait.
195 447 319 515 Kaysero
343 449 457 503 auctore
479 448 509 501 in
532 448 575 503 ed.
595 448 660 503 min.
680 479 713 487 -
732 449 762 503 P.
778 455 838 506 213.
855 457 867 504 1
887 451 985 505 dicunt
1002 450 1064 520 hic,
1084 453 1121 506 ut

105 518 226 572 testatur
238 517 324 586 Bait,
339 518 418 575 codd.
433 518 541 587 optimi,
555 519 587 571 ut
600 518 692 572 Madv.
706 518 740 572 de
754 520 824 586 Eri,
839 519 868 573 in
881 520 1008 589 proximo
1023 538 1120 590 versu,

105 588 211 656 Madv„
234 590 302 643 dicit
323 589 398 658 vulg.
424 591 454 642 et
475 587 547 644 Bait.
568 618 600 628 -
619 589 650 643 P.
670 595 729 644 213.
750 595 783 644 29
810 591 856 645 iile
874 607 926 647 om.
947 595 1004 661 opt.
1024 591 1119 660 codd,

105 658 193 724 Bait,
211 659 276 714 incl.
295 660 388 717 Madv.
426 658 467 712 cf.
486 658 522 713 ad
540 676 567 727 p.
586 665 646 714 341.
667 663 682 712 '1
706 662 735 713 et
757 678 784 728 p.
805 666 864 715 209.
880 666 914 715 25
932 663 979 716 ille
996 664 1055 716 oeni
1073 664 1120 717 in·

105 731 258 798 oestipondi
280 731 403 798 cupidas.
446 728 516 784 Boni
539 729 633 796 codd,
656 729 674 786 i.
698 746 721 786 e.
746 747 811 784 nonv
826 731 1002 801 interpolati,
1025 733 1121 787 multa

106 800 247 857 omittunt.
266 830 299 841 -
318 800 348 854 P.
363 805 424 853 214.
439 805 472 854 23
491 803 530 854 est
547 799 629 852 initio
648 801 803 855 sententiae
826 804 921 871 posuit
938 802 1010 858 Bait.
1031 833 1066 845 -
1085 803 1119 857 P.

105 875 166 927 214.
181 877 216 925 34
234 871 303 926 dicis
322 887 376 925 om.
391 869 451 926 cod.
470 870 493 924 B
512 870 542 922 et
559 868 632 924 Bait.
668 870 732 925 Non
750 871 902 926 admodum
919 873 1015 942 placet
1041 873 1121 943 Quid

105 942 176 995 enirn
194 942 264 996 dicis
282 971 316 980 -
334 956 388 995 esse
406 938 461 994 -ἓ
489 939 620 1009 Suspicor
634 938 796 995 Ciceronem
815 942 957 1011 scripsisse
974 943 1068 1012 Quod
1083 976 1118 983 —

105 1012 175 1066 dicis
194 1042 241 1076 -,
264 1011 333 1080 quin
352 1012 446 1078 potins
469 1012 511 1069 iia
528 1011 598 1066 dicis
621 1009 676 1064 -3
700 1041 733 1052 -
756 1012 786 1068 P.
807 1018 920 1068 215.16
943 1013 977 1068 Si
995 1014 1068 1068 nihil
1086 1017 1121 1068 in

106 1096 149 1148 eo,
171 1083 244 1150 qnod
262 1082 459 1150 perpiciendum
481 1085 520 1139 eat
541 1082 631 1148 recte,
656 1081 767 1151 opinor,
790 1082 885 1152 codd,
908 1083 926 1138 i
946 1101 970 1138 e.
993 1084 1027 1138 Si
1044 1086 1120 1139 nihil

106 1152 211 1207 absolvi
228 1157 253 1206 et
268 1152 365 1219 perfici
383 1153 457 1206 debet
474 1153 506 1205 in
524 1167 567 1217 eo,
584 1153 657 1220 qnod
671 1153 867 1220 perficiendam
885 1159 936 1219 est,
950 1159 1063 1222 praeter
1083 1186 1120 1196 -

105 1224 246 1277 rationem.
278 1221 350 1276 Mira
367 1223 464 1277 narrat
477 1221 600 1291 Madvig.
619 1223 652 1276 in
669 1238 698 1277 eo
717 1221 866 1277 arbitratus
886 1223 987 1279 debere
1006 1241 1067 1278 esse
1086 1228 1120 1279 in

105 1292 224 1357 hennino,
243 1294 272 1347 et
285 1292 318 1346 Si
330 1292 402 1346 nibil
419 1293 451 1346 in
464 1309 493 1346 co
510 1309 567 1347 non
584 1308 666 1360 posse
684 1292 903 1363 intellegi-nisi
921 1295 1052 1348 audiatur
1071 1302 1121 1362 est,

106 1362 659 1502 {initiuntsitunensi
671 1362 1119 1504 tintinnabant·

145 1475 150 1485 ι
205 1475 211 1486 ι
227 1465 260 1473 ““”
297 1474 303 1486 ι
369 1477 375 1488 0
615 1474 619 1485 ι
738 1474 745 1500 2
847 1475 852 1487 ι
1028 1480 1034 1492 0
1103 1481 1119 1505 .'

106 1503 177 1559 aare.
193 1534 226 1544 -
240 1504 271 1559 P.
285 1509 345 1560 216.
360 1509 395 1556 ro
410 1505 555 1571 pannea
568 1502 670 1570 Madv,
682 1475 960 1573 parientinis,
978 1505 1066 1573 saia
1082 1509 1119 1564 ef.

106 1591 132 1642 p.
148 1579 208 1630 269.
224 1579 266 1628 30.
285 1605 319 1615 -
337 1574 368 1630 P.
383 1580 443 1630 217.
459 1581 473 1629 7
492 1575 592 1698 finon]
610 1575 702 1629 dicitis
715 1573 822 1641 Madv„
840 1577 897 1629 iam
915 1576 1010 1631 dicetis
1024 1593 1040 1630 e
1055 1578 1119 1634 cod.

105 1644 199 1699 nescio
230 1662 284 1713 quo
312 1644 466 1699 Moraliano
517 1644 566 1698 ait.
595 1674 628 1684 -
655 1643 686 1699 P.
710 1649 771 1699 217.
796 1650 829 1699 12
853 1647 963 1700 omnino
985 1663 1024 1700 ca
1046 1650 1117 1716 neni.

78 1732 80 1736 ’
105 1715 221 1782 Bromi,
244 1715 316 1770 Bait.
341 1746 374 1754 —
396 1715 436 1770 lb.
456 1731 496 1783 sq.
519 1716 589 1769 vitio
606 1719 632 1768 et
647 1719 763 1782 peccata
779 1716 930 1771 incidemus
948 1716 1030 1771 codd.
1051 1719 1120 1787 det,

105 1784 178 1840 Bait.
206 1785 326 1840 fortasse
348 1787 432 1839 recte.
452 1816 486 1824 -
510 1785 540 1838 P.
559 1790 619 1838 217.
640 1790 673 1838 16
700 1785 835 1840 oberimus
856 1804 907 1856 pro
929 1788 1121 1844 aoenabimus

107 1853 216 1924 Cobet,
234 1855 369 1910 Mnemos.
390 1859 457 1908 1875
476 1872 503 1923 p.
520 1859 585 1920 101,
605 1854 771 1908 ‘admodum
789 1857 1006 1925 probabiliter',
1024 1858 1121 1927 inquit

106 1925 200 1979 Madv.
220 1925 263 1980 ed.
281 1925 321 1979 Ill
339 1942 366 1994 p.
380 1924 481 1993 LXIX,
502 1924 583 1979 ‘nam
597 1942 614 1979 a
630 1924 747 1979 levitate
766 1926 896 1981 aberrare
915 1927 1069 1997 improprie
1089 1932 1120 1984 et

106 1995 259 2050 insolenter
277 1995 399 2049 dicitur'.
440 1994 595 2049 Insolenter
618 1994 674 2049 dici
696 1997 726 2048 et
747 1996 872 2064 praecise
891 1999 1081 2054 aberrabimus
1100 2018 1120 2055 a

107 2066 214 2120 levitate
231 2066 345 2121 alterins
366 2066 478 2146 pro-ita
501 2065 754 2148 aberratimnnnt
775 2082 831 2120 non
854 2068 969 2123 ninltnrn
986 2070 1120 2137 obsimus,

106 2136 617 2260 11111211111111111112
635 2137 776 2261 stulti
794 2139 1121 2287 issi‘t'sfnpaii’di

107 2276 219 2345 aliquod
237 2276 316 2331 codd.
336 2276 436 2342 daton,
454 2275 497 2330 oei
514 2293 566 2331 om.
586 2277 644 2345 opt.
662 2275 758 2343 codd,
777 2275 864 2344 Bait,
883 2278 949 2332 secl.
967 2278 1063 2335 Madv.
1084 2293 1136 2323 -‘

107 2347 138 2402 P.
153 2352 214 2402 218.
228 2352 262 2400 32
281 2362 366 2402 canoa
382 2363 432 2400 cnr
451 2346 557 2401 Zenoni
574 2362 630 2400 non
651 2347 749 2412 fnisset
770 2346 894 2413 praefixa
913 2365 994 2402 cruce
1012 2349 1120 2419 Madv,

107 2432 205 2471 cansa
219 2433 289 2471 cun
316 2418 383 2471 Zen.
410 2432 467 2470 non
492 2418 591 2484 fnisset
616 2415 683 2471 boni
710 2416 803 2481 codd,
832 2432 943 2471 ransom
967 2419 1033 2472 Zen.
1060 2437 1120 2475 non

106 2488 192 2555 fnisse
213 2485 358 2557 Madvigio
381 2488 494 2542 auctore
518 2486 602 2553 Bait,
625 2503 680 2555 quo
703 2485 764 2556 ipse
786 2486 835 2540 ille
862 2486 1021 2556 improbato
1043 2507 1120 2546 nuno

106 2557 250 2626 proponit:
269 2558 408 2613 cundici
425 2571 548 2623 canam,
568 2557 674 2612 Zenoni
691 2572 747 2610 non
764 2557 863 2622 fanco,
880 2561 1053 2626 quoinobrem
1072 2592 1118 2627 —,

107 2629 181 2695 quod
203 2629 251 2682 vix
273 2630 343 2698 puto
365 2643 533 2696 quemquam
555 2626 761 2681 intellecturum
785 2625 853 2693 quid
876 2627 970 2681 valere
994 2630 1122 2686 voluerit

106 2699 239 2768 Madvig,
255 2699 308 2753 nisi
322 2698 433 2767 legerit,
447 2713 531 2764 quam
544 2697 604 2766 ipse
619 2695 724 2751 adiecit
736 2695 1003 2764 interpretationem.
1028 2701 1120 2756 Recte

108 2784 136 2821 se
158 2769 258 2835 habet,
282 2769 358 2837 quod
380 2769 515 2837 scriptum
539 2770 582 2821 est
605 2766 634 2820 in
660 2765 754 2833 codd,
784 2766 837 2820 levi
864 2768 964 2823 mendo
990 2773 1120 2839 excepto.

106 2838 179 2892 Nam
198 2839 284 2893 etiam
301 2833 374 2892 nunc
389 2856 446 2893 non
463 2836 566 2892 rectius
580 2835 760 2910 reprehendit
774 2835 866 2890 Madv.
882 2837 953 2892 haec
968 2838 1034 2906 duo,
1053 2858 1120 2909 pro·

105 2925 208 2964 nomen
226 2909 476 2963 demonstrativum
490 2908 668 2974 insequente
687 2906 826 2974 particula
845 2922 894 2961 cnr
909 2909 938 2960 et
955 2909 1120 2976 plusquam·

106 2979 262 3048 perfectum
279 2981 389 3046 fnisset,
407 2994 490 3048 quam
509 2977 576 3032 olim
595 2975 752 3031 incredibili
767 2991 860 3029 errore
878 2977 908 3030 in
922 2977 965 3030 ed.
981 2981 1075 3047 prima
1090 2985 1121 3036 et

106 3050 197 3104 altera
210 3050 359 3104 verborum
374 3048 500 3105 ordinem
515 3063 599 3103 cansa
613 3063 663 3101 cnr
680 3061 731 3116 pro
750 3061 800 3101 cnr
818 3061 910 3103 cansa.
940 3047 1120 3118 Quamquam

107 3120 261 3175 suboluisse
285 3120 310 3174 ei
330 3120 453 3188 videtur,
472 3117 539 3186 quid
559 3117 634 3170 esset
650 3116 705 3169 hoc
724 3115 771 3170 Ea
789 3116 863 3182 dini,
889 3131 975 3171 cansa
992 3133 1043 3173 cnr
1061 3138 1121 3176 non

105 3192 214 3258 fnisset,
241 3191 288 3245 vix
316 3190 389 3245 enim
417 3206 449 3244 en
480 3187 620 3255 ‘recipere
653 3201 686 3239 ex
717 3185 857 3239 brevitate
891 3188 1118 3244 excusationem’

105 3263 214 3328 censet,
243 3261 338 3331 ‘quasi
366 3262 437 3315 haec
463 3258 501 3311 sit
523 3255 674 3310 sententia:
703 3271 735 3310 ea
757 3256 832 3319 dini,
858 3272 927 3325 qnae
949 3260 1120 3317 ostendunt'.

104 3332 156 3387 Bst
174 3332 247 3388 enim
267 3333 343 3404 Qnoe
357 3331 446 3385 adiano
463 3328 539 3392 dini,
557 3341 589 3380 eo
607 3329 698 3388 erant,
716 3340 750 3378 en
767 3325 866 3393 qnibns
884 3334 1039 3394 appareret,
1058 3346 1122 3387 cnr

104 3419 190 3458 canan
206 3419 264 3459 non
280 3403 384 3470 fnisset.
412 3398 476 3452 Non
490 3395 623 3450 audacius
643 3394 746 3449 dicitur
777 3411 809 3449 co
827 3396 901 3460 dico,
919 3411 969 3449 cnr
982 3426 1016 3437 -
1032 3416 1122 3465 quam

102 3474 153 3530 boc
171 3475 269 3543 affero,
287 3489 338 3528 car
354 3473 393 3540 (p.
408 3473 468 3524 290.
484 3472 517 3521 13
532 3467 561 3521 et
574 3467 676 3534 saep),
694 3463 748 3518 uisi
764 3480 831 3519 vcro
850 3481 933 3534 quem
953 3465 1072 3522 offendit
1087 3489 1122 3527 ea
