2346 3876
293 162 360 218 am.
379 161 414 219 11.
441 121 519 220 cna.
537 168 581 234 aa,
599 169 642 218 ae.
671 169 686 230 s
706 169 862 220 ros-ror.
1042 165 1084 229 aa

77 347 138 410 que
174 326 305 409 partem
336 325 527 409 respondere
563 326 725 410 possimus
758 331 927 411 sequentes
959 331 1087 392 tantum

78 413 183 497 mode,
206 413 294 498 quod
319 411 369 479 ita
390 413 495 478 visum
519 413 576 497 sit,
605 414 681 479 dum
709 414 778 479 sine
801 415 951 499 adsensu,
983 436 1087 501 neque

77 506 186 567 tamen
210 501 322 566 omnia
344 500 411 567 eius
434 501 522 567 modi
543 502 614 567 visa
637 503 824 587 adprobari,
852 503 908 568 sed
932 525 982 588 ea,
1005 525 1087 588 quae

77 591 169 655 nulla
204 611 242 656 re
280 590 521 674 impedirentur.
573 586 663 657 Haec
699 591 729 656 si
764 591 856 656 vobis
891 612 957 659 non
992 603 1140 676 pro-105

57 678 202 762 ibamus,
227 677 295 743 sint
316 679 401 743 falsa
423 700 509 764 sane,
531 679 692 745 invidiosa
706 683 792 745 certe
810 701 876 746 non
895 684 980 745 sunt.
1013 678 1089 744 Non

80 767 166 832 enim
187 767 295 832 lucem
317 767 481 851 eripimus,
511 768 566 833 sed
589 790 636 850 ea,
659 790 740 853 quae
763 790 820 833 vos
845 768 981 852 ‘percipi
1004 790 1088 833 com·

10 850 16 901 '·
80 853 320 940 prehendique',
341 855 453 920 eadem
475 877 545 940 nos,
568 856 596 921 si
618 856 713 921 modo
736 856 920 940 probabilia
939 857 1014 941 sint,
1032 855 1088 921 ‘vi-

82 943 161 1008 deri'
184 943 334 1009 dicimus.

144 1029 200 1098 Sic
231 1031 333 1117 igitur
362 1032 495 1098 inducto
523 1035 557 1097 et
583 1033 759 1099 constituto
782 1033 961 1118 probabili,
995 1037 1028 1098 et
1051 1033 1141 1098 0033

54 1138 74 1179 n
82 1119 209 1205 quidem
250 1120 415 1205 expedito,
455 1120 578 1204 soluto,
618 1121 738 1207 libere,
776 1122 866 1187 nulla
906 1144 941 1186 re
981 1121 1088 1205 impli-

10 1242 18 1257 -
83 1217 169 1294 cato,
197 1205 289 1273 vides
311 1208 469 1293 profecto,
497 1208 645 1293 Luculle,
676 1210 781 1275 iacere
802 1210 869 1274 iam
891 1210 974 1275 illud
996 1214 1088 1275 tuum

82 1296 322 1382 perspicuitatis
345 1297 570 1382 patrocinium.
614 1297 734 1363 Iisdem
758 1298 844 1363 enim
872 1297 926 1364 hio
950 1300 1088 1382 sapiens,

29 1428 33 1435 -
82 1386 205 1470 dequo
228 1386 353 1470 loquor,
376 1384 486 1470 oculis,
509 1386 626 1471 quibus
647 1385 711 1450 iste
729 1389 845 1466 vester,
869 1387 1002 1470 caelum,
1024 1391 1088 1451 ter-

82 1496 163 1558 ram,
192 1493 285 1538 mare
307 1468 499 1561 intuebitur,
528 1474 644 1539 iisdem
666 1467 813 1539 densibus
835 1474 974 1558 reliqua,
1007 1495 1088 1558 quae

57 1563 138 1628 aab
156 1582 317 1647 quemque
331 1583 460 1626 sensnm
475 1563 602 1646 cadunt,
624 1562 751 1626 sentiet
782 1561 872 1626 Mare
894 1561 984 1644 illud,
1003 1561 1089 1645 quod

83 1671 164 1716 nnnc
185 1649 320 1714 favonio
341 1655 495 1715 nascente
517 1671 715 1735 purpureum
737 1649 877 1734 videtur,
906 1650 991 1713 idem
1013 1648 1089 1712 huic

82 1743 192 1805 nostm
206 1737 379 1823 videbitur,
400 1759 461 1803 nec
477 1742 589 1803 tamen
607 1738 815 1822 adsentietur,
838 1738 913 1822 quia
925 1737 1089 1802 nobismet

83 1827 159 1911 ipsis
186 1825 286 1891 modo
309 1826 492 1891 caeruleum
512 1825 695 1903 videbatur,
727 1847 821 1890 mane
843 1847 966 1909 ravum,
989 1824 1088 1909 quod·

84 1936 140 1999 que
161 1935 260 1998 nnnc,
283 1936 346 1999 qua
364 1936 385 1978 a
398 1915 466 1979 sole
489 1914 645 1998 conlucet,
668 1914 806 1979 albescit
819 1917 852 1978 et
865 1914 973 1978 vibrat
995 1913 1088 1978 dissi-

59 2004 220 2088 mileque
243 2002 461 2086 estproximo
484 2006 518 2069 et
540 2003 725 2092 continenti,
752 2005 799 2080 ut,
827 2002 955 2068 etiamsi
981 2002 1088 2087 possis

82 2093 241 2157 rationem
263 2090 406 2174 reddere,
428 2112 485 2156 cur
506 2091 541 2155 id
559 2091 693 2168 eveniat,
716 2094 826 2154 tamen
843 2112 908 2155 non
930 2091 1036 2175 possis
1055 2090 1089 2154 id

83 2201 191 2245 verum
214 2199 295 2263 esse,
318 2179 403 2264 quod
425 2178 596 2245 uidebatur
618 2178 730 2262 oculis,
754 2177 930 2244 defendere.
970 2178 1066 2245 Unde
1090 2191 1140 2240 106

83 2267 253 2352 memoria,
284 2267 313 2332 si
344 2267 427 2332 nihil
457 2267 676 2352 percipimus?
708 2268 755 2332 sic
786 2268 871 2332 enim
903 2268 1089 2352 quaerebas.

83 2355 185 2432 Quid?
209 2355 394 2421 meminisse
416 2356 488 2421 visa
509 2356 574 2421 nisi
595 2377 785 2439 comprensa
806 2377 872 2421 non
894 2355 1089 2440 possumus?

10 2464 12 2471 ·
59 2444 185 2521 sQuid?
209 2443 406 2528 Polyaenus,
434 2445 489 2529 qui
502 2465 638 2530 magnus
652 2444 901 2510 mathematicus
923 2444 1022 2509 fuisse
1042 2443 1090 2507 di·

84 2533 176 2618 citnr,
209 2533 240 2597 is
267 2535 478 2617 posteaquam
499 2531 641 2616 Epicuro
665 2533 848 2598 adsentiens
877 2536 983 2598 totam
1017 2552 1091 2615 geo-

83 2623 233 2688 metriam
264 2620 383 2686 falsam
406 2642 476 2686 esse
499 2619 648 2704 credidit,
678 2642 756 2685 num
784 2621 843 2685 illa
865 2620 976 2699 etiam,
1009 2640 1090 2703 quae
1168 2652 1171 2659 .

84 2710 215 2793 sciebat,
237 2709 360 2775 oblitus
384 2708 456 2774 est?
502 2707 612 2794 Atqui,
633 2708 752 2774 falsum
775 2708 860 2793 quod
883 2712 942 2792 est,
963 2707 997 2771 id
1018 2728 1090 2791 per·

84 2798 143 2883 cipi
165 2819 236 2864 non
259 2801 381 2882 potest,
413 2801 450 2862 ut
472 2797 633 2863 vobismet
659 2797 740 2881 ipsis
767 2796 883 2880 placet.
929 2793 963 2860 Si
990 2795 1093 2880 igitur

10 2908 15 2917 ’
59 2886 238 2953 anemoria
272 2889 498 2970 perceptarum
529 2905 853 2969 conprensarumque
889 2906 998 2950 rerum
1033 2888 1093 2969 est,
1169 2927 1172 2932 ‹

87 2976 205 3059 omnia,
239 2995 321 3058 quae
351 2975 487 3059 quisque
517 2973 677 3057 meminit,
707 2973 807 3037 habet
835 2993 874 3037 ea
902 2994 1092 3056 comprensa

28 3120 33 3139 ‚
87 3066 177 3149 atque
211 3065 378 3148 percepta3
409 3062 488 3126 falsi
516 3067 624 3128 autem
648 3060 832 3144 comprendi
862 3060 946 3127 nihil
973 3065 1092 3144 potest,

29 3144 34 3163 ¹
87 3154 116 3214 ct
130 3152 244 3218 omnia
265 3151 413 3216 meminit
436 3150 531 3216 Siron
548 3149 682 3234 Epicuri
704 3149 869 3235 dogmata3
893 3170 970 3213 vera
991 3149 1092 3233 igitur

87 3238 138 3306 ille
160 3243 241 3306 sunt
262 3260 349 3305 nunc
372 3239 489 3304 omnia.
511 3238 582 3303 Hoc
604 3259 737 3322 perine
759 3237 847 3321 licet,
872 3237 928 3301 sed
950 3235 1012 3299 tibi
1035 3238 1091 3299 aut

62 3328 320 3395 canoedendum
343 3330 393 3392 est
415 3327 464 3392 ita
485 3347 570 3410 esse,
592 3325 677 3410 quod
700 3325 834 3390 minime
856 3325 921 3407 uis,
949 3325 1006 3387 aut
1027 3342 1092 3385 me·

88 3416 222 3484 noriam
240 3415 323 3482 mihi
340 3415 489 3481 remittas
504 3416 633 3499 oportet
650 3417 683 3477 et
700 3412 823 3477 fateare
838 3433 907 3477 esse
926 3412 957 3474 ei
974 3410 1091 3491 locum,

91 3505 212 3571 edumei
234 3503 478 3589 comprehensio
505 3501 736 3590 perceptioque
765 3501 858 3569 nulla
886 3498 941 3566 sit.
988 3495 1081 3574 uuis
1100 3517 1155 3572 uon

853 3604 890 3664 ὅ*
