2346 3876
100 168 167 231 444
298 164 594 221 TUSCULANARUM
612 163 919 221 DISPUTATIONUM

101 331 251 411 fluenter,
274 328 435 412 absolute,
453 347 621 412 prospere,
639 327 738 412 igitur
755 326 861 391 beate.
900 324 986 391 Satis
1005 330 1104 391 autem

101 418 204 482 virtus
232 416 272 480 ad
300 416 427 482 fortiter
453 415 626 491 vivendum
652 418 774 498 potest3
802 415 883 478 satis
914 436 991 500 ergo
1015 415 1104 479 etiam

49 518 84 566 54
103 505 143 570 ad
165 505 268 569 beate.
318 504 449 568 Etenim
471 506 508 567 ut
530 502 683 585 stultitia,
711 502 773 567 etsi
796 502 915 585 adepta
938 507 1001 586 est,
1027 503 1105 587 quod

103 593 294 676 concupivit,
312 613 487 674 numquam
507 612 540 654 se
558 594 669 654 tamen
688 590 768 654 satis
782 595 992 654 consecutam
1009 593 1104 675 putat,

104 684 150 746 sic
169 680 330 763 sapientia
344 700 469 762 semper
483 699 520 742 eo
536 682 689 743 contenta
708 681 766 761 est,
785 678 871 761 quod
890 679 993 763 adest,
1010 699 1122 762 nequer

104 791 176 834 eam
199 789 351 850 umquam
374 767 424 830 sui
446 766 601 849 paenitet.

54 862 93 925 19
171 853 356 919 Similemne
373 857 469 938 putas
489 850 523 917 C.
541 852 644 917 Laelii
661 875 762 916 unum
781 850 1103 935 consulatum'fuisse,

104 948 228 1008 etcum
250 942 379 1026 quidem
398 963 471 1006 cum
489 941 618 1023 repulsa
636 938 693 1026 (si,
716 963 788 1005 cum
808 942 938 1024 sapiens
958 946 992 1007 et
1009 944 1102 1008 bonus

103 1033 165 1114 vir,
188 1031 291 1114 qualis
313 1031 370 1093 ille
392 1029 454 1093 fuit
440 1028 656 1113 tsuffragiis
682 1029 890 1112 praeteritur,
918 1052 986 1096 ιιοιι
1013 1052 1102 1115 popu·

103 1121 153 1183 lus
178 1120 211 1197 [a
239 1119 322 1182 bono
351 1079 495 1197 consule]
523 1139 566 1200 po
568 1117 632 1180 tius
663 1138 761 1199 quam
775 1117 847 1180 ille
881 1119 916 1197 [a
943 1118 1129 1202 bonopo·1c

103 1207 192 1290 pulo]
221 1204 384 1295 repulsam
410 1201 555 1288 fert)-
583 1204 638 1268 sed
660 1207 770 1268 tamen
792 1208 902 1268 utrum
931 1206 1102 1288 maiiesto,

104 1294 132 1357 si
154 1295 299 1376 potestas
321 1275 424 1375 esset,
452 1294 550 1356 semel
576 1293 626 1357 ut
639 1287 787 1356 Laelium
813 1293 981 1358 consulem
1011 1317 1051 1358 an
1073 1255 1103 1356 ιιι

51 1394 84 1442 55
105 1379 243 1446 Cinnam
271 1379 406 1465 quater?
459 1379 535 1446 Non
563 1381 655 1445 dubit
640 1402 689 1532 'to'
720 1384 758 1444 tu
789 1380 866 1463 quid
897 1402 1102 1483 responsums

105 1470 198 1553 sis31
191 1470 296 1552 taque
320 1468 426 1546 video,
457 1469 508 1533 cui
530 1469 663 1534 commit
664 1471 741 1532 tam.
785 1467 861 1533 Non
883 1470 1030 1552 quemvis
1051 1470 1102 1533 hoc

104 1557 189 1621 idem
213 1557 461 1640 interrogarem
483 1556 692 1639 responderet
710 1557 795 1620 enim
815 1557 899 1621 alius
917 1557 1057 1623 fortasse
1076 1577 1131 1620 sea

104 1667 170 1710 non
202 1644 298 1710 modo
328 1647 480 1729 quattuor
511 1644 699 1709 consulatus
730 1645 786 1708 uni
818 1648 1027 1728 anteponere,
1058 1643 1103 1710 sed

104 1755 204 1797 unum
236 1732 321 1797 diem
353 1730 476 1797 Cinnae
508 1732 684 1796 multorum
716 1736 749 1796 et
774 1732 940 1797 clarorum
972 1734 1104 1798 virorum

104 1821 183 1885 totis
216 1821 384 1886 aetatibus.
442 1819 571 1884 Laelius
608 1820 638 1887 si
669 1820 771 1904 digito
808 1841 903 1903 quem
942 1822 1105 1906 attigisset

104 1913 225 1991 poenas
254 1907 408 1989 dedisset,
437 1910 472 1971 at
494 1906 597 1972 Cinna
625 1908 767 1990 collegae
794 1908 857 1990 sui,
886 1911 1029 1974 consulis
1056 1907 1105 1973 Cn.

105 1995 244 2078 Octavii,
267 1996 409 2079 praecidi
434 1999 529 2078 caput
551 1995 659 2077 iussit,
686 1995 720 2059 P.
744 1993 867 2078 Crassi,
894 1995 930 2059 L.
956 1995 1135 2077 Caesarisse

104 2083 378 2148 nobilissimorum
400 2083 579 2167 hominum,
608 2104 743 2168 quorum
765 2084 869 2148 virtus
895 2084 1006 2150 fuerat
1028 2084 1104 2151 domi

105 2171 303 2254 militiaeque
339 2171 483 2255 cognita,
524 2170 567 2235 M.
599 2170 747 2249 Antonii,
784 2171 929 2236 omnium
967 2174 1105 2257 eloquen-

105 2258 239 2343 tissimi,
262 2280 342 2343 quos
366 2278 426 2342 ego
450 2259 619 2342 audierim,
643 2257 677 2324 C.
700 2257 861 2341 Caesaris,
885 2260 921 2324 ιιι
945 2283 1010 2346 quo
1034 2260 1106 2325 mihi

104 2347 230 2412 videtur
253 2346 416 2430 specimen
437 2346 537 2411 fuisse
559 2347 785 2426 humanitatis,
814 2347 905 2429 salis,
935 2349 1106 2430 suavitatis,

104 2435 233 2518 leporis.
286 2434 448 2499 Beatusne
476 2435 588 2519 igitur,
619 2436 674 2519 qui
704 2435 764 2499 hos
794 2434 979 2500 interfecit?
1032 2435 1136 2500 Milia

105 2529 219 2589 eontra
236 2545 302 2587 non
321 2523 426 2589 solum
445 2544 483 2587 eo
501 2523 628 2587 videtur
646 2523 756 2607 miser,
780 2523 864 2606 quod
884 2544 922 2588 ea
947 2525 1036 2608 fecit,
1058 2523 1107 2589 sed

106 2613 203 2675 etiam
226 2612 311 2696 quod
334 2611 381 2675 ita
400 2632 433 2674 se
457 2611 572 2695 gessit,
594 2613 631 2674 ut
649 2632 687 2674 ea
704 2611 810 2686 facere
829 2611 858 2674 ei
881 2612 1004 2677 liceret.
1042 2610 1108 2676 Etsi

104 2721 236 2781 peceare
259 2699 380 2763 nemini
404 2699 493 2781 licet3
518 2697 573 2761 sed
591 2699 749 2762 sermonis
773 2719 878 2763 errore
901 2699 1058 2783 labimur,
1077 2698 1108 2762 id

52 2807 85 2856 se
105 2787 192 2850 enim
214 2786 310 2851 licere
334 2787 482 2867 dicimur,
512 2785 597 2869 quod
620 2786 733 2869 cuique
757 2786 902 2851 coneedit
887 2789 952 2852 tur.
997 2788 1108 2854 Utrum

104 2873 234 2938 tandem
253 2875 339 2937 beat
315 2877 379 2937 ror
394 2871 428 2938 C
441 2873 563 2937 Marius
577 2877 656 2958 tum,
675 2896 747 2938 cum
762 2871 944 2939 Cimbricae
960 2876 1108 2942 victoriae
1118 2896 1139 2938 ιι

104 2960 240 3046 gloriam
277 2981 350 3024 cum
395 2961 518 3047 collega
555 2958 616 3025 Cat
602 2962 671 3026 tulo
708 2961 971 3047 communicavit,
1013 2982 1108 3048 paene

105 3049 206 3113 altero
239 3046 348 3112 Laelio
381 3045 470 3132 (nam
501 3049 587 3114 hunc
618 3049 667 3113 illi
698 3049 777 3113 duco
810 3013 1109 3136 simillimdm),an

105 3158 177 3201 cum
204 3135 292 3200 civili
321 3135 407 3200 bello
435 3137 540 3202 victor
566 3137 669 3202 iratus
700 3137 889 3202 necessariis
923 3103 1043 3204 Catuli
1064 3139 1109 3202 de·

103 3224 310 3308 precantibus
329 3244 395 3288 non
414 3225 512 3288 semel
535 3225 714 3308 respondit,
738 3225 793 3290 sed
817 3246 925 3309 saepe·
957 3226 1108 3293 ς·Μοιιιι-

102 3311 204 3376 tur'?
258 3311 297 3376 In
327 3333 390 3396 quo
420 3312 506 3375 beat
497 3334 548 3376 ror
576 3314 645 3396 ille,
679 3313 735 3396 qui
762 3312 837 3377 huic
867 3312 1012 3379 nefariae
1044 3313 1141 3380 vocis

102 3401 227 3484 paruit,
254 3422 351 3485 quam
377 3401 418 3484 is,
446 3401 500 3484 qui
522 3404 591 3464 tam
619 3400 773 3465 scelerate
799 3401 982 3483 imperavit.
1029 3402 1109 3467 Nam

94 3512 167 3558 cum
207 3490 356 3580 accipere
395 3510 495 3578 quam
524 3487 632 3554 lacere
661 3492 808 3571 praestat
840 3489 1009 3575 iniuriam,
1045 3495 1110 3556 tum
