2346 3876
99 148 166 212 290
296 147 594 202 TUSCULANARUM
612 145 915 202 DISPUTATIONUM

99 332 177 376 vero
208 311 346 375 scrutari
378 313 486 374 vetera
518 313 551 374 et
583 331 621 372 ex
653 309 693 372 iis
726 329 777 387 ea,
815 330 897 392 quae
935 307 1084 389 scriptores

102 398 256 463 Graeciae
279 399 502 482 prodiderunt,
526 418 635 461 eruere
659 418 767 480 coner,
790 396 854 480 ipsi
878 396 929 460 illi
951 395 1083 459 maiorum

101 487 247 572 gentium
278 487 311 550 di
343 487 398 570 qui
428 485 604 568 habentur,
635 484 710 549 hino
738 506 759 548 c
785 485 881 549 nobis
909 482 1040 567 profecti
1061 481 1083 544 irr

101 575 226 639 caelum
253 574 461 657 reperientur.
512 573 650 651 Quaere,
682 594 819 657 quorum
848 572 1084 637 demonstrentur

102 663 250 748 sepulcra
268 663 303 726 in
322 660 465 744 Graecia,
483 661 698 744 reminiscere,
722 661 875 745 quoniam
895 683 930 725 es
952 659 1099 738 initiatusr

102 773 182 836 quae
214 750 386 815 tradantur
418 749 595 833 mysteriis3
630 752 700 813 tum
732 749 884 833 denique,
921 770 1014 833 quam
1040 746 1084 809 lrec

101 841 167 903 late
198 840 323 922 pateat,
354 838 534 922 intelleges.
589 835 652 903 Sed
684 837 739 921 qui
771 837 930 918 nondum,
961 859 998 901 ea
1024 851 1084 918 quae

102 927 214 992 multis
245 929 322 1010 post
352 927 445 990 annis
477 925 611 989 tractari
636 928 752 1009 coepta
780 928 868 1008 sunt,
896 924 1028 1008 physica
1053 919 1084 984 di·

102 1016 268 1097 dicissent,
294 1017 422 1078 tantum
449 1013 512 1078 sibi
540 1017 780 1097 persuaserant,
808 1017 967 1097 quantum
992 1013 1085 1076 nature

102 1104 294 1167 admonente
318 1104 550 1186 cognoverant,
573 1102 714 1166 rationes
734 1105 767 1165 et
785 1122 900 1166 causas
919 1122 1022 1166 rerum
1037 1116 1109 1162 nouo

102 1191 270 1274 tenebant,
298 1190 376 1253 visis
404 1189 596 1274 quibusdam
624 1211 721 1273 saepe
748 1190 977 1274 movebantur,
1006 1189 1085 1269 iisque

103 1278 242 1341 maxime
278 1279 458 1361 nocturnis,
495 1281 532 1341 ut
568 1277 752 1342 viderentur
788 1277 831 1360 ei,
868 1277 925 1361 qui
957 1277 1022 1343 vita
1050 1293 1086 1337 er-

49 1387 85 1435 ao
105 1369 281 1449 cesserant,
303 1366 419 1430 vivere.
463 1363 511 1430 Ut
536 1386 632 1448 porro
663 1365 884 1429 firmissimum
907 1365 970 1430 hoc
991 1359 1087 1428 adferri

103 1454 241 1536 videtur,
264 1475 320 1517 cur
342 1453 418 1518 deos
438 1475 508 1518 csse
527 1453 708 1537 credamus,
731 1452 816 1537 quod
833 1454 925 1518 nulla
942 1474 1019 1539 gens
1038 1455 1088 1514 tan

102 1541 186 1625 fera,
215 1541 483 1607 nemo‘omnium
509 1544 578 1605 tam
606 1542 651 1606 sit
677 1542 830 1625 inmanis,
855 1541 1112 1606 cuius-mentenu

103 1652 169 1695 non
190 1629 343 1695 imbuerit
366 1630 498 1694 deorum
522 1629 630 1713 opinio
653 1626 764 1714 (multi
786 1629 895 1694 dedis
919 1650 1018 1714 prava
1037 1645 1088 1691 serr·
1120 1652 1131 1705 a

103 1719 202 1801 tiunt3
225 1718 259 1781 id
282 1719 368 1782 enim
391 1717 510 1782 vitioso
534 1739 622 1781 more
644 1717 729 1782 effici
751 1718 847 1811 solet,
871 1738 983 1782 omnes
1001 1721 1089 1781 tamen

104 1829 175 1870 esse
203 1807 269 1870 vim
293 1810 325 1870 et
351 1810 501 1870 naturam
528 1806 670 1870 divinam
703 1806 915 1887 arbitrantur,
946 1827 1005 1870 nec
1032 1819 1089 1868 rere

103 1894 136 1957 id
159 1894 341 1959 conlocutio
363 1893 530 1958 hominum
554 1897 610 1958 aut
633 1914 800 1958 consessus
831 1893 950 1977 effecit,
976 1914 1038 1958 non
1054 1889 1089 1952 iu·

104 1982 230 2046 stitutis
245 1982 354 2065 opinio
370 1985 420 2045 est
434 1983 633 2060 confirmata,
651 2002 716 2045 non
733 1981 875 2066 legibus3
896 1983 985 2047 omni
1002 1983 1114 2046 aesna

104 2071 138 2132 in
161 2091 194 2133 re
218 2071 383 2134 consensio
406 2070 550 2134 omnium
574 2070 717 2154 gentium
739 2069 791 2133 lex
809 2073 947 2135 naturae
969 2065 1090 2154 putanda

105 2156 167 2240 est)
192 2193 232 2203 -
258 2158 328 2240 quis
356 2161 405 2221 est
432 2158 546 2242 igitur,
575 2158 631 2241 qui
654 2179 785 2222 suorum
809 2161 949 2223 mortem
972 2158 1091 2242 primun

104 2266 169 2308 non
207 2267 245 2309 eo
281 2245 405 2329 lugeat,
442 2246 526 2328 quod
560 2267 614 2310 eos
647 2246 778 2310 orbatos
815 2246 902 2310 vitae
936 2241 1091 2311 commodis

105 2332 300 2396 arbitretur?
346 2333 436 2397 Tolle
459 2334 542 2398 hanc
565 2333 764 2416 opinionem,
787 2333 909 2398 luctum
935 2330 1092 2402 sustuleris.

104 2420 208 2486 Nemo
237 2421 324 2485 enim
351 2425 475 2486 maeret
502 2443 560 2486 suo
588 2421 805 2504 incommod03
833 2421 945 2487 dolent
972 2421 1118 2487 fortassee

106 2513 139 2572 et
171 2514 347 2593 anguntur3
385 2509 441 2572 sed
471 2510 529 2573 illa
554 2509 700 2593 lugubris
731 2510 924 2574 lamentatio
956 2511 1093 2590 fletusque

105 2619 250 2662 maerens
274 2619 312 2662 ex
336 2618 373 2661 eo
398 2601 463 2675 est,
486 2597 570 2681 quod
595 2619 680 2680 eum,
704 2619 799 2681 quem
822 2598 1003 2682 dileximus
1026 2597 1094 2662 vitae

105 2686 281 2770 commodis
305 2686 467 2767 privatum
490 2685 686 2749 arbitramur
707 2685 804 2769 idque
827 2687 956 2752 sentire.
1006 2686 1096 2766 Atque

104 2772 185 2836 haec
213 2773 259 2835 ita
287 2773 442 2837 sentimus
469 2777 587 2837 natura
614 2773 706 2856 duee,
733 2772 825 2837 nulla
851 2775 978 2840 ratione
1008 2772 1096 2848 nulla-

105 2881 166 2941 que
191 2860 347 2926 doctrina.
667 2930 672 2943 .
1107 2877 1124 2918 a

54 2915 95 3040 ἐξ
171 2945 359 3011 Maxumum
387 2970 463 3013 vero
493 2953 718 3033 argumentum
747 2953 797 3013 est
825 2954 977 3016 naturam
1009 2952 1100 3034 ipsam

106 3033 144 3097 de
182 3034 415 3100 inmortalitate
453 3037 633 3103 animorum
669 3039 802 3102 tacitam
838 3039 993 3123 iudicare,
1029 3033 1101 3122 quod

106 3121 255 3186 omnibus
279 3146 374 3187 curae
398 3127 486 3206 sunt,
511 3129 543 3189 et
565 3148 735 3190 maxumae
760 3125 904 3211 quidem,
935 3150 1017 3212 quae
1039 3127 1102 3210 post

105 3213 242 3275 mortem
264 3211 374 3275 futura
402 3212 475 3275 sint.
527 3211 644 3278 ‘Serit
671 3215 844 3298 arbores,
873 3237 968 3299 quae
997 3211 1102 3280 alteri

105 3299 230 3362 saeclo
266 3297 449 3382 prosint’,
486 3302 523 3363 ut
554 3302 602 3365 ait
632 3303 684 3366 e'tlc
715 3303 749 3366 in
781 3300 1001 3387 Synephebis,
1037 3299 1102 3386 quid
1114 3319 1130 3360 a

105 3390 253 3469 spectans
280 3386 344 3450 nisi
372 3388 471 3451 etiam
500 3392 632 3471 postera
655 3391 784 3454 saecula
808 3390 849 3455 ad
873 3387 1104 3475 sepertinere?

101 3474 192 3561 Ergo
217 3475 348 3542 arbores
372 3478 456 3541 seret
480 3476 628 3566 diligensv
642 3479 798 3562 agricola,
822 3500 959 3563 quarum
978 3479 1105 3563 aspiciet
