2346 3876
376 155 585 213 nororrrro
607 157 757 214 6616161.
1012 131 1073 214 ’11

58 316 126 382 666,
144 316 276 385 poteram
294 314 379 368 etiam
398 316 486 381 labat,
507 317 628 381 vacillat,
647 317 793 383 claudicat,
811 319 895 383 66666,ι
913 317 993 372 codd.
1012 315 1072 372 AV

59 387 177 450 7666661,
195 384 219 438 B
233 386 337 441 lecerat.
353 416 386 425 -
400 384 433 440 P.
448 391 489 440 66.
504 393 538 442 27
565 387 677 442 Veraces
694 403 793 447 66666
811 404 865 443 esse
882 404 975 443 666666
992 389 1072 442 dicio

58 455 172 525 scripsi,
191 455 274 510 codd.
295 454 354 510 Ver.
369 471 426 511 aas
443 458 493 511 out
505 473 570 569 ruoz
587 488 620 497 -
639 459 721 513 dicit
734 459 763 511 et
776 475 802 512 v.
817 463 851 512 28
865 457 890 510 A
908 460 937 513 et
955 458 978 511 B
991 459 1072 513 dates

58 583 85 633 el
101 595 153 648 pro
172 579 267 644 habes,
285 579 304 634 i.
320 595 357 646 e.,
376 582 472 648 credo,
490 579 585 646 tabeo;
599 580 660 635 edd.
675 597 728 635 aer.
746 595 810 635 saco
823 611 857 620 -
871 582 939 635 diod
959 583 1008 634 sut
1025 597 1072 636 ooo

61 679 94 688 —
108 650 203 704 dicitis
217 678 251 688 -
265 649 377 705 habetis.
406 649 469 705 Vid
483 668 510 719 p.
525 656 567 704 96.
582 656 616 704 96
630 655 668 706 est
680 652 802 705 mactma
820 651 987 705 1666661666
1003 654 1071 705 veri-

60 725 112 785 tas,
129 721 156 773 si
168 719 235 773 soni
248 725 314 773 6666
327 735 360 774 ac
373 721 497 775 cadeates.
512 751 546 761 -
559 719 590 776 P.
605 726 647 776 66.
663 724 679 774 6
693 722 802 776 audies
816 723 844 774 et
858 726 967 787 aporerd
980 721 1070 787 codd,

60 790 185 843 audiret
212 798 241 844 66
258 795 382 858 operetur
405 806 420 844 6
438 789 545 844 Davisii
568 791 639 845 coni.
657 790 763 859 Halm,
783 790 831 858 qui
849 790 937 844 etiam
961 789 1072 845 Utinam

60 860 169 928 paidom
193 864 316 927 reparet
342 859 432 915 malit.
458 860 534 927 Vid,
563 876 633 928 quoe
657 861 852 916 adnotavimus
878 861 915 914 ad
943 859 1072 928 Seyfferti

61 929 136 984 Lael.
155 946 184 999 p.
204 934 257 983 464
276 931 305 985 66
322 929 395 984 infre
412 931 449 984 sd
466 948 493 999 p.
513 937 571 986 184.
587 937 629 986 29.
650 961 683 970 -
701 930 732 986 Ρ.
749 937 791 986 66.
813 936 847 985 14
870 931 1010 1000 Quaedam
1027 947 1071 986 vo·

61 1000 148 1054 lucres
174 1001 285 1068 locatus
308 999 502 1069 respondentis
527 1017 586 1054 osse
612 1001 734 1055 arbitror
759 1001 870 1056 odilla
894 1001 934 1056 Ar
955 1003 1002 1056 dle
1025 1024 1071 1068 -3

61 1086 129 1140 ergo
147 1072 254 1139 puncto
273 1069 388 1125 distinxi
406 1070 478 1138 (fort.
498 1072 687 1140 Aequoream
705 1074 758 1138 -).
778 1101 811 1110 -
829 1070 860 1124 Ρ.
883 1076 924 1126 66.
944 1077 978 1125 21
1004 1073 1072 1126 deci·

60 1142 179 1196 deraret
196 1140 291 1194 Halm.
306 1141 420 1194 auctore
439 1140 568 1195 Christio.
583 1171 616 1181 —
630 1140 662 1195 P.
677 1146 719 1199 66,
734 1148 770 1196 24
786 1143 854 1196 naci
872 1141 932 1197 cod.
947 1142 980 1209 A,
998 1158 1073 1197 aava

62 1210 88 1279 (i
108 1227 133 1265 6.
151 1212 231 1278 naor)
250 1209 289 1278 V,
307 1227 376 1265 6666
388 1210 425 1278 Β,
443 1211 548 1277 Halm,
566 1210 638 1265 Bait.
654 1242 687 1251 -
701 1209 732 1265 P.
747 1216 789 1267 66.
805 1218 838 1266 27
855 1216 881 1265 te
898 1212 962 1266 odd
976 1211 1071 1266 Daris.

62 1310 96 1321 -
113 1278 145 1334 P.
166 1285 209 1335 66.
230 1286 264 1336 28
287 1280 351 1336 Sed
372 1282 439 1349 quid
461 1297 507 1350 epo
529 1282 607 1348 Em,
629 1281 702 1335 Bait.
721 1312 755 1321 -
773 1281 804 1338 P.
825 1287 866 1336 67.
885 1288 902 1335 2
922 1281 1015 1351 Quid?
1039 1299 1073 1336 66

62 1367 136 1407 nunc
153 1351 264 1420 quidem
282 1350 479 1406 -616766166,2
498 1351 605 1419 Daris,
628 1351 721 1405 Madv.
739 1350 769 1405 in
792 1351 835 1421 ed.
855 1351 900 1406 Or.
919 1351 946 1405 ΙΙ
963 1369 990 1420 p.
1010 1357 1071 1419 854,

63 1423 109 1490 pai
134 1421 233 1488 codd;
256 1422 338 1490 pairs,
361 1421 435 1489 quod
459 1421 628 1490 scripserunt
648 1421 741 1475 Halm.
766 1423 795 1475 et
816 1421 903 1489 Bait,
925 1421 992 1476 ferri
1016 1438 1070 1476 non

63 1493 156 1560 potest
169 1507 229 1546 non
244 1492 305 1545 tam
317 1493 433 1561 propter
446 1491 624 1546 insolentiam
637 1492 799 1557 verborum
819 1492 853 1545 de
868 1509 923 1560 qua
935 1510 962 1547 v.
976 1492 1070 1546 Madv.

64 1562 106 1618 fin
125 1563 151 1617 V
178 1566 222 1616 20.
242 1566 275 1615 66
296 1579 323 1631 p.
344 1567 408 1630 704,
434 1578 518 1630 quom
543 1579 579 1616 ne
602 1561 656 1616 hoc
683 1577 793 1630 quoque
819 1561 918 1616 dixisse
943 1560 1072 1615 videatur

64 1632 214 1701 Epicurus:
236 1630 294 1685 ‘Ne
311 1648 384 1685 nuno
404 1631 516 1699 quidem
534 1647 637 1698 sensus,
648 1631 762 1685 mentiri
781 1631 869 1699 puto.'
886 1662 919 1671 —
934 1629 965 1684 Ρ.
980 1637 1023 1685 61.
1038 1637 1072 1685 36

65 1702 186 1757 Stoicum
203 1703 293 1755 istuc
306 1703 413 1770 quidem
426 1701 536 1770 scripsi,
555 1701 595 1756 St.
610 1708 656 1756 est
671 1702 778 1770 quidem
790 1701 880 1769 vulg,
899 1700 939 1756 St.
953 1702 1009 1755 ced
1026 1708 1073 1755 ert

64 1773 170 1842 quidem
189 1771 271 1827 codd.
290 1772 316 1824 A
334 1773 363 1826 et
380 1771 416 1841 B,
434 1774 520 1828 oedem
534 1771 571 1839 V,
590 1777 628 1826 est
645 1773 720 1827 istud
738 1770 809 1826 coni.
827 1771 920 1827 Halm.
936 1801 969 1810 —
983 1769 1014 1822 P.
1030 1776 1071 1825 69.

66 1849 80 1897 9
93 1844 243 1898 somniasse
254 1857 282 1896 se
296 1841 406 1912 scripsi,
421 1842 501 1897 codd.
509 1837 664 1908 ‘somniore,
683 1841 749 1896 ‘sed
762 1841 793 1895 in
806 1841 874 1896 Vre
905 1842 1072 1906 unctatum’,

65 1913 161 1969 Lomb.
189 1913 350 1978 somniasse,
375 1912 468 1967 Helm.
495 1917 513 1978 †
540 1913 688 1978 somniare,
715 1911 787 1966 Bait.
816 1929 850 1969 cx
899 1911 976 1965 clmii
1002 1912 1071 1966 coni.

65 1985 170 2038 somma
188 1999 241 2037 sua
257 1983 318 2037 oica
331 1987 442 2050 putare.
462 2011 495 2021 -
513 1980 544 2037 P.
564 1986 606 2036 69.
625 1988 660 2036 20
678 1983 815 2036 credidit
838 1981 910 2036 coni.
933 1981 1025 2036 Halm.
1045 1985 1074 2036 et

65 2053 172 2124 recepit
195 2052 282 2118 Bait,
306 2053 383 2107 houd
405 2052 462 2107 scio
486 2068 523 2106 an
544 2054 629 2108 recte.
649 2083 681 2092 -
700 2051 731 2109 P.
752 2057 794 2107 69.
816 2059 849 2106 22
868 2057 893 2106 61
911 2053 965 2106 ista
983 2051 1072 2119 codd,

66 2125 145 2179 istaec
164 2123 245 2185 edd;
263 2123 298 2177 cf.
316 2141 343 2192 p.
359 2128 418 2179 346.
435 2128 476 2176 14.
491 2153 525 2163 -
538 2122 569 2177 Ρ.
583 2128 626 2177 60.
641 2128 656 2176 7
674 2123 826 2188 Incedunt,
843 2123 972 2176 incedant
985 2121 1072 2191 vulg,

66 2194 171 2262 Halm„
197 2192 271 2248 Bait.
291 2221 325 2232 -·
342 2191 374 2247 P.
394 2198 435 2248 60.
455 2199 489 2246 32
508 2210 549 2260 sq.
576 2193 734 2248 dialecticos
762 2192 867 2246 delevit
889 2194 919 2247 et
939 2210 966 2261 p.
990 2198 1033 2246 61.
1056 2198 1072 2245 2

67 2266 150 2319 illam
169 2262 282 2332 scripsit
298 2262 370 2318 Bait.
391 2261 557 2330 Pluygersio
580 2265 702 2319 ductore.
723 2293 756 2302 -
774 2261 805 2318 P.
825 2268 867 2318 61.
883 2268 898 2315 3
913 2278 973 2329 sqq.
998 2261 1073 2331 ane

67 2335 222 2389 coniunctio
245 2363 281 2374 -
302 2335 369 2402 qaid
391 2338 534 2402 repropaet,
556 2334 582 2387 ss'
599 2334 664 2387 haec
682 2363 715 2373 -
734 2332 817 2387 aliter
839 2331 953 2386 distinxi
971 2346 1004 2385 ao
1030 2348 1072 2387 so·

65 2404 135 2458 lent:
154 2420 226 2474 prece
244 2433 279 2445 -
296 2402 447 2473 sepapaet?
474 2403 508 2457 Si
526 2433 559 2442 -
578 2406 628 2457 aut
645 2408 783 2472 repopoet.
820 2403 854 2458 Si
871 2433 913 2458 -.
931 2401 963 2455 P.
982 2407 1024 2456 61.
1039 2406 1073 2455 29

66 2476 100 2528 iio
122 2473 183 2541 Or,
209 2475 254 2528 tio
277 2473 370 2541 codd,
393 2473 498 2540 Halm„
526 2472 599 2528 Bait.
628 2503 661 2512 —
689 2472 721 2527 P.
745 2479 786 2528 62.
809 2478 824 2526 7
848 2473 884 2527 ia
911 2473 1074 2526 inlustribus

66 2543 136 2599 Bait.
155 2543 355 2614 probabiliter,
373 2545 422 2598 sed
436 2543 471 2598 cf.
485 2560 512 2612 p.
527 2548 587 2598 296.
604 2549 646 2598 28.
661 2573 697 2583 -
710 2542 742 2598 P.
762 2547 804 2598 62.
821 2546 853 2596 16
871 2543 1009 2610 6696666·
1026 2557 1075 2595 nec

67 2614 228 2670 minuendi
246 2613 340 2682 codd,
359 2614 497 2683 arpentis
513 2628 563 2668 666
581 2614 743 2668 minueretis
760 2611 852 2666 Halm.
872 2641 905 2650 -
924 2610 954 2666 P.
975 2616 1017 2665 62.
1041 2617 1072 2664 19

66 2690 159 2740 nostra
182 2701 222 2739 ars
243 2689 332 2738 cestra
354 2683 469 2752 Christ,
491 2681 563 2737 Bait.
583 2714 616 2724 —
634 2682 666 2736 P.
686 2690 728 2737 63.
749 2689 781 2737 19
804 2683 916 2737 cideaat
937 2680 1074 2748 (sidebant

68 2757 99 2824 A)
117 2755 217 2820 codd,
240 2755 386 2810 adhibeant
403 2754 510 2822 Halm,
529 2753 630 2808 adeant
646 2753 721 2823 vulg.
759 2753 840 2818 Quod
862 2751 892 2805 in
916 2751 999 2805 rebus
1018 2749 1074 2804 dici

67 2825 148 2892 solet,
173 2826 264 2880 666666
286 2825 393 2893 aiipaid
413 2840 464 2892 pro
491 2823 693 2891 circumspicere
715 2823 825 2889 (Hertz,
850 2821 926 2876 vind.
951 2820 1021 2876 Gell.
1047 2820 1073 2874 II

67 2912 91 2964 p.
110 2897 171 2965 76),
189 2894 267 2949 idem
284 2893 332 2948 hio
348 2894 441 2948 iocose
459 2893 627 2947 translatum
645 2892 675 2949 in
692 2893 834 2948 hominem
852 2892 971 2946 videtur.
991 2920 1025 2931 -
1042 2889 1073 2944 P.

68 2972 105 3020 61
125 2973 141 3020 'l
161 2981 200 3020 ea
218 2981 250 3018 se
268 2963 379 3034 scripsi,
396 2979 450 3018 esce
467 2963 562 3031 codd,
581 2964 655 3032 quod
673 2963 707 3017 de
726 2961 840 3017 Christii
858 2960 997 3016 sententis
1015 2979 1074 3015 sus-

67 3036 190 3090 tulerunt
214 3035 307 3088 Halm.
330 3036 360 3088 66
383 3033 456 3089 Bait.
476 3064 509 3073 -
527 3031 559 3088 P.
578 3040 620 3089 64.
640 3039 674 3088 26
698 3051 737 3102 sq.
762 3038 949 3102 consequatwr
970 3031 1075 3086 Halmii

66 3106 226 3162 coniectura
252 3121 318 3159 usus
346 3103 419 3158 Bait.
443 3135 476 3143 -
499 3103 531 3159 P.
555 3107 597 3158 66.
621 3110 637 3158 7
661 3104 691 3158 ei
711 3104 837 3158 videatur
859 3103 969 3169 Lamb.,
993 3102 1074 3166 Bait,

66 3175 138 3231 haud
157 3175 217 3231 scio
237 3192 274 3229 on
291 3175 375 3229 recte.
395 3204 428 3214 -
446 3173 478 3229 P.
498 3178 539 3228 66.
555 3180 589 3228 36
603 3174 650 3228 ¹ita
667 3190 717 3243 pro
736 3175 791 3228 iota
808 3173 881 3230 Bait.
899 3172 1017 3237 invitus,
1043 3173 1075 3250 66

65 3247 183 3302 ridetur.
203 3275 238 3286 -
255 3243 287 3299 P.
307 3251 350 3300 66.
372 3251 385 3298 1
407 3245 473 3298 daec
495 3243 593 3312 codd,
614 3245 663 3298 doc
689 3242 865 3298 scribendum
883 3258 943 3296 esse
961 3241 1074 3294 Halmio

67 3319 93 3371 et
108 3316 225 3371 Baitero
247 3314 388 3384 persuasit
406 3313 506 3369 Christ.
525 3313 588 3368 Vid.
607 3313 653 3367 vel
675 3331 702 3382 p.
722 3319 764 3369 62.
778 3319 827 3381 22,
846 3318 888 3366 76.
907 3319 954 3377 23,
975 3317 1016 3364 76.
1031 3314 1074 3374 22,

66 3392 105 3443 80.
123 3393 159 3442 23
179 3403 253 3455 sqq.,
274 3390 332 3440 103.
355 3389 402 3452 30,
421 3390 480 3440 280.
501 3390 548 3451 27,
571 3388 630 3438 290.
650 3388 699 3452 29,
718 3389 778 3439 317.
798 3389 827 3450 2,
851 3381 942 3434 Madv.
963 3379 999 3432 ad
1016 3379 1074 3430 nat.

67 3455 137 3512 door.
156 3457 172 3512 I
196 3462 222 3511 9.
241 3461 276 3510 26
298 3473 327 3525 p.
346 3460 406 3509 976.
425 3460 458 3508 21
483 3453 526 3508 ed.
546 3452 591 3508 Or.
606 3453 644 3522 H,
664 3453 848 3509 Schoemonn.
869 3450 910 3505 od
928 3449 974 3502 111
989 3452 1086 3515 ’1.11,
