2356 3870
317 151 630 206 Llss.1v..-cAP4
598 158 779 218 -.-222
747 159 827 208 -ra
1012 153 1078 216 395

68 334 109 379 ne
133 313 243 379 omnia
266 313 462 397 dilabantur,
486 315 514 377 si
536 336 635 378 unum
654 313 774 397 aliquid
798 315 954 399 effugerit.
991 315 1075 391 Quo·

68 400 173 481 niam,
196 422 277 486 2222
296 399 412 466 Graeci
433 364 526 484 221122
546 405 675 483 222222,
697 402 792 467 nobis
816 407 888 484 pert
874 402 995 467 tt'urba
971 406 1075 469 tiones

68 451 228 573 appellari
241 489 346 574 magis
364 489 471 572 placet
489 511 583 576 quam
603 489 770 573 morbos,
761 511 796 553 22
814 490 865 554 1212
880 490 1075 572 explicandis

68 581 212 641 veterem
233 577 327 641 illam
345 577 492 660 equidem
510 575 716 678 Pythagorae
739 578 891 661 primum,
914 577 987 641 dein
1005 577 1074 642 Ρ12-

41 663 157 729 222212
176 663 420 748 discriptionem
440 686 564 766 sequar,
582 666 637 747 qui
656 665 797 731 animum
816 666 850 730 in
869 666 947 730 duas
966 660 1075 748 partes

67 750 230 834 dividunt,
253 752 460 817 alteramt
407 755 460 816 rat
460 752 543 815 ionis
566 753 759 837 participem
780 753 916 836 faciunt,
940 753 988 817 alt
974 758 1074 818 222222

68 841 249 923 expertem3
270 841 305 905 in
323 840 481 924 participe
499 840 635 905 rationis
653 845 779 925 ponunt
795 841 1075 924 tranquillitatem,

67 927 101 991 id
120 931 172 992 est
189 927 349 1010 placidam
368 929 575 1012 quietamque
593 929 821 1010 constantiam,
844 929 954 993 inilia
973 929 1075 993 altera

67 1017 177 1081 motus
200 1015 345 1080 turbidos
369 1037 441 1080 cum
463 1017 542 1097 irae,
571 1019 640 1080 tum
664 1015 865 1100 cupiditatis,
894 1018 1073 1082 contrarios

30 1126 54 1167 22
67 1103 280 1187 inimicosque
292 1103 420 1167 rationi.
455 1102 505 1168 Sit
523 1104 623 1188 igitur
641 1103 694 1168 1212
713 1105 800 1187 fons,
818 1108 947 1168 utamur
964 1109 1074 1169 tamen
1095 1118 1122 1165 11

66 1191 103 1255 in
129 1189 181 1255 his
208 1191 505 1275 perturbationibus
528 1191 738 1257 discribendis
762 1191 942 1257 Stoicorum
965 1193 1074 1257 defini-

67 1277 213 1345 tionibus
246 1282 279 1342 et
309 1279 411 1362 partit
412 1279 553 1361 ionibus,
586 1281 641 1362 qui
668 1278 748 1343 mihi
776 1280 885 1345 vident
871 1284 924 1345 utr
951 1281 989 1345 12
1015 1281 1075 1346 1222

67 1365 259 1452 quaestione
282 1366 404 1430 versari
428 1329 620 1432 acutissime.

94 1453 228 1518 -Est
218 1454 280 1540 2812
281 1476 318 1518 ur
265 1451 474 1519 tZenonis
493 1453 573 1519 haec
592 1454 713 1518 definit
689 1459 749 1537 t,1o
771 1459 808 1519 22
829 1460 915 1539 pert
901 1456 1048 1520 tturba
1019 1460 1074 1520 tro
1094 1456 1115 1519 6

32 1564 55 1607 22
69 1541 122 1625 212,
140 1539 226 1626 quod
244 1537 354 1617 πάθος
365 1541 425 1605 1112
444 1541 531 1626 (11212,
549 1563 696 1608 aver-saa
713 1505 802 1606 reeta
820 1543 943 1607 ratione
963 1551 1075 1608 eontra

67 1592 219 1695 naturam
251 1629 350 1693 animi
383 1630 564 1695 commotio.
621 1629 758 1705 Quidam
790 1631 918 1694 brevius
949 1637 1021 1713 pert
1022 1653 1073 1695 ur-

67 1714 136 1782 bet
110 1721 234 1785 tionem
265 1738 336 1781 esse
367 1718 546 1801 adpetitum
577 1717 861 1799 vehementiorem,
894 1717 949 1782 sed
981 1717 1074 1782 22122-

68 1805 259 1870 mentiorem
283 1827 355 1872 eum
378 1805 492 1871 volunt
514 1827 597 1888 esse,
620 1805 825 1890 2211228122
848 1805 1031 1870 discesserit
1055 1828 1074 1870 a

67 1896 204 1959 naturae
246 1894 438 1959 constantia
496 1891 609 1958 Partes
650 1896 759 1957 autem
794 1894 1073 1976 perturbationum

36 1981 182 2046 avolant
209 2001 247 2044 ex
274 1980 397 2047 duobus
426 1980 568 2064 opinatis
595 1981 687 2047 bonis
715 1981 806 2045 nasci
828 1985 861 2046 et
883 2003 922 2045 ex
949 1981 1073 2046 duobus

69 2068 212 2152 opinatis
231 2068 341 2152 malis3
363 2069 412 2150 ita
430 2090 499 2133 2222
519 2072 683 2153 22222222,
704 2091 743 2134 ex
761 2068 853 2133 bonis
872 2069 1074 2133 libidinem

69 2161 101 2222 ct
128 2156 338 2240 laetitiam,
369 2160 408 2221 ut
435 2157 478 2220 sit
503 2157 628 2221 laetitia
658 2158 876 2240 praesentium
907 2157 1096 2240 bonorum,'

68 2243 173 2309 libido
191 2242 387 2321 futurorum,
410 2266 448 2308 cx
467 2244 563 2308 malis
581 2249 720 2309 metum
738 2249 770 2309 et
792 2246 1074 2329 aegritudinem

67 2331 160 2399 nasci
187 2335 330 2410 censent,
358 2334 480 2396 metum
506 2330 638 2414 futuris,
667 2331 901 2416 aegritudinem
926 2355 1074 2415 praesen·

37 2420 170 2503 atibus3
189 2441 270 2502 quae
289 2420 373 2483 enim
391 2419 554 2484 venientia
573 2422 772 2502 metuuntur,
791 2419 903 2484 eadem
922 2419 1074 2485 adficiunt

67 2507 271 2592 aegritudine
293 2507 457 2572 instantia.
492 2505 634 2572 Laetitia
652 2511 760 2572 autem
781 2511 814 2570 et
835 2507 936 2571 libido
960 2508 995 2571 in
1017 2508 1074 2572 bo·
1094 2523 1127 2568 22

66 2616 185 2661 norum
213 2594 361 2679 opinione
387 2598 571 2678 versantur,
603 2616 676 2660 cum
706 2594 807 2659 libido
840 2594 880 2658 ad
912 2592 957 2676 id,
989 2595 1074 2678 quod

67 2681 198 2747 videtur
214 2682 347 2760 bonum,
365 2682 484 2749 inlecta
502 2687 535 2746 et
551 2683 752 2748 inflammata
769 2682 929 2767 rapiatur,
949 2683 1074 2747 laetitia

67 2773 106 2835 ut
123 2769 242 2853 adepta
207 2770 330 2834 tiam
350 2769 469 2854 aliquid
489 2771 693 2855 concupitum
712 2770 868 2836 ecferatur
892 2772 925 2833 ct
946 2771 1073 2854 gestiat.

26 2869 54 2917 ⁸0
67 2855 198 2922 Natura
216 2857 300 2923 enim
319 2879 429 2922 omnes
448 2879 494 2941 22,
518 2879 599 2942 quae
617 2859 703 2923 bona
721 2858 878 2940 videntur,
899 2862 1075 2942 sequuntur

67 2945 261 3046 fugiuntque
293 2945 462 3011 contraria.
518 2946 621 3022 Quam
653 2947 695 3010 ob
723 2967 788 3011 rem
822 2908 918 3010 siniul
951 2947 1076 3011 obiecta

68 3033 193 3117 specics
221 3037 271 3097 est
297 3033 490 3116 cuiuspiam,
518 3034 602 3119 quod
629 3033 751 3099 bonum
781 3034 927 3099 videatur
929 3034 1010 3117 ,ad
1042 3034 1075 3100 id

68 3120 318 3213 adipiscendum
335 3121 501 3205 impellit
492 3144 564 3206 1psa
581 3126 706 3186 natura
741 3121 779 3186 Id
798 3145 869 3189 cum
890 3085 966 3187 coiis
968 3126 1074 3186 tenter

68 3208 207 3292 prudent
208 3213 371 3294 erquet
315 3202 386 3292 fi,t
414 3209 481 3273 eius
505 3209 592 3274 modi
619 3209 743 3294 adpetit
729 3210 850 3276 ionem
873 3209 973 3274 Stoici
995 3205 1074 3291 βού-

16 3301 168 3379 aunan
191 3295 370 3380 appellant,
394 3318 453 3360 nos
477 3298 676 3382 appellemus
700 3299 947 3364 voluntatem.
991 3295 1075 3361 Eam

67 3383 117 3449 illi
144 3384 321 3467 putentia
343 3384 413 3449 solo
437 3407 507 3450 esse
531 3386 688 3469 sapiente,
718 3408 815 3469 quam
837 3386 883 3450 sic
906 3384 1074 3449 deliniunt:

68 3471 219 3538 voluntas
244 3474 293 3536 est
297 3494 410 3555 ,quae
433 3471 509 3557 quid
532 3494 605 3537 2222
626 3474 753 3539 2221222
775 3473 942 3538 desiderat
985 3472 1074 3548 Quae
