2346 3876
242 149 358 206 anau
372 149 641 225 meduanensi.
669 148 745 205 CAP.
766 153 790 202 1.
818 155 876 216 §L
1001 148 1062 212 121

50 309 210 376 sententia,
228 310 342 364 beatum
359 308 508 363 dicendum
526 324 600 376 esse,
624 308 672 376 qui
694 308 724 362 in
747 308 868 362 omnium
889 309 1065 377 voluptatum

52 398 85 435 co
106 381 137 434 ia
159 379 297 448 molliter,
320 380 368 434 sed
393 381 474 434 caute
498 381 527 433 et
548 378 699 448 prudenter
720 379 811 447 vivat,
834 381 867 432 ut
888 379 919 432 L.
946 378 1065 432 Thorius

52 452 75 504 B
104 452 159 505 bus
172 450 282 518 fecerit,
301 450 355 505 sibi
367 450 523 504 beatiorem
535 448 626 503 videri
638 449 724 503 fuisse
741 449 878 518 Regulum
891 451 952 502 tum
964 449 1064 517 ipsum,

55 539 118 576 cum
145 521 319 575 cruciaretur
346 523 418 590 (cap.
446 521 499 588 20).
548 519 661 588 Epicuri
689 520 855 574 sententiam
883 519 1010 588 sequenti
1037 522 1067 574 et

55 593 204 647 Lucretiae
228 593 257 646 et
278 592 308 647 L.
327 590 456 661 Verginii
476 591 554 644 facta
575 590 761 659 vituperanda
782 606 854 657 esse,
878 606 929 644 nec
952 590 1065 643 omnino

57 663 85 716 in
105 664 158 723 illa
181 662 279 717 schola
304 662 393 716 claros
415 660 490 716 viros
513 661 600 714 testes
624 660 765 729 adhiberi,
793 660 965 728 virtutesque
990 661 1066 729 ipsas

59 732 151 787 induci
168 732 324 803 voluptatis
343 731 490 786 ancillulas
510 733 580 800 (cap.
599 735 653 801 21).
687 731 768 796 Quod
786 734 880 785 autem
898 733 983 800 neget
1000 731 1067 800 Epi·

62 822 139 858 curus
158 819 342 872 quemquam,
360 802 408 871 qui
424 802 541 866 honeste
554 817 611 855 non
624 801 716 869 vivat,
734 802 853 856 iucunde
867 801 961 855 vivere
975 817 1066 870 posse,

62 892 114 928 uon
126 890 208 943 posse
221 874 355 928 virtutem
368 873 496 940 retineri,
511 872 535 925 si
548 872 642 925 omnia
655 873 691 926 ad
704 873 880 942 voluptatem
897 872 1066 942 deriguntur,

65 945 110 999 sed
126 946 235 999 tautum
252 945 348 999 fictam
366 943 488 1013 speciem
506 947 577 1012 (cap.
597 947 650 1012 22).
691 944 766 996 Illud
784 946 878 998 autem
897 944 978 1011 quale
997 959 1067 1005 esse,

67 1015 134 1083 quod
158 1032 194 1070 ne
216 1013 343 1084 profiteri
365 1014 478 1094 quidem
501 1012 649 1094 quisquam
679 1030 741 1068 eam
768 1014 936 1068 seutentiam
949 1013 1068 1094 ,audeat

68 1083 1068 1236 saturataerestituturaeltersatsstttsee:

70 1229 123 1281 tata
142 1227 265 1282 utilitate
288 1243 352 1295 ipsa
373 1228 498 1280 mutetur
519 1240 632 1279 neccsse
655 1225 692 1279 sit
714 1226 786 1295 (cap.
810 1229 864 1295 24).
910 1226 989 1291 Quod
1007 1226 1067 1295 ipse

72 1298 194 1366 Epicurus
212 1296 352 1352 amicitias
371 1314 434 1354 eum
452 1296 506 1350 fide
526 1296 656 1364 coluerit,
674 1296 773 1350 melius
788 1313 852 1351 eum
865 1297 964 1352 fecisse
984 1314 1068 1364 quam

75 1367 163 1423 dixisse
181 1371 251 1438 (cap.
272 1371 330 1438 25),
348 1384 400 1421 nee
411 1367 591 1490 (probandam
610 1382 669 1420 esse
688 1367 775 1421 ullam
794 1368 934 1422 extribus
953 1367 1067 1421 rationi·

75 1438 127 1506 bus,
149 1456 215 1508 quas
234 1439 393 1506 Torquatus
431 1455 446 1492 e
465 1436 590 1491 amicitia
607 1437 798 1506 proposuisset
816 1440 887 1507 (cap.
907 1441 960 1507 26).
1001 1438 1067 1491 Per-

76 1509 136 1563 fecto
153 1509 238 1578 igitur
256 1511 287 1563 et
309 1508 440 1562 concluso
462 1523 553 1575 neque
575 1507 673 1562 virtuti
690 1524 780 1577 neque
800 1509 940 1562 amicitiae
959 1508 989 1561 in
1001 1508 1068 1576 Epi-

78 1579 291 1661 cunudisciplina
313 1579 406 1633 locum
429 1595 502 1660 esse,
524 1578 647 1632 breviter
670 1577 765 1659 Cicero
790 1579 914 1659 reliquae
932 1578 1069 1658 Torquati

79 1650 372 1786 stratilates
385 1667 526 1789 ,sessa
541 1649 674 1788 stlta
687 1650 1070 1786 {tererestereres

80 1805 139 1857 esse,
156 1791 228 1860 quod
245 1791 381 1861 Epicurus
399 1791 487 1858 dicat,
510 1805 567 1843 uon
588 1789 724 1843 minorem
742 1790 916 1858 voluptatem
935 1805 968 1843 ex
989 1789 1069 1843 brevi

80 1861 185 1930 tempore
205 1878 289 1930 quam
308 1878 341 1916 ex
358 1860 511 1930 longinquo
529 1859 638 1929 percipi
655 1860 688 1926 (c.
709 1862 762 1928 27).
799 1860 837 1913 Et
855 1860 878 1913 si
900 1861 1072 1914 concedatur

80 1929 153 1999 ipsam
169 1935 298 1986 naturam
316 1931 473 2001 sapientem
491 1931 671 1999 locupletare,
691 1934 720 1984 et
738 1947 875 1985 summam
893 1931 1069 1999 voluptatem

82 2016 108 2053 ex
128 2002 263 2056 vilissimis
292 2003 374 2056 rebus
400 2001 521 2072 percipi,
544 2000 611 2070 quid
641 2001 676 2054 de
700 2001 796 2057 dolore
819 2001 969 2056 dicendum
991 2008 1071 2055 esse?

83 2071 154 2137 quisi
170 2091 308 2127 summum
327 2073 364 2127 sit
376 2074 496 2139 malum,
516 2088 626 2125 ornnem
639 2071 740 2125 beatae
753 2071 827 2126 vitae
842 2071 1069 2126 constitutionem

82 2143 152 2196 everti
172 2145 243 2225 (cap.
268 2146 327 2211 28);
350 2160 415 2196 narn
438 2141 562 2196 remedia
585 2141 689 2195 doloris
713 2143 748 2196 ab
775 2142 897 2211 Epicuro
924 2142 1072 2211 proposita

82 2212 169 2267 unllam
198 2233 257 2269 vim
288 2214 405 2281 habere,
436 2212 548 2267 virtutis
575 2212 668 2281 potius
700 2215 728 2264 et
754 2213 957 2282 magnitudinis
984 2212 1071 2266 animi

81 2279 192 2339 fomentis
210 2303 275 2340 eum
293 2285 388 2352 leniri,
411 2284 496 2352 idque
515 2299 549 2336 ex
573 2283 659 2351 ipsius
678 2282 792 2352 Epicuri
810 2285 929 2352 epistula
947 2284 983 2336 ad
1000 2285 1070 2337 Her-

82 2355 208 2410 marchum
231 2371 366 2424 apparere
390 2357 460 2424 (cap.
481 2358 612 2422 29-30).
655 2354 710 2407 Sed
728 2356 759 2406 ut
781 2355 852 2408 haec
871 2354 992 2423 epistula
1010 2355 1070 2407 lau·

82 2421 157 2479 danda
174 2427 224 2494 sit,
243 2426 283 2480 sic
300 2425 515 2495 improbandum
529 2423 642 2493 Epicuri
660 2425 873 2493 testamentum,
892 2425 922 2477 in
940 2441 1003 2492 quo,
1023 2423 1072 2492 qui

81 2492 137 2574 nillil
161 2497 197 2550 ad
225 2513 393 2565 quemquem
419 2498 483 2565 post
509 2497 627 2549 mortem
649 2494 788 2563 pertinere
811 2495 953 2562 statuerit,
976 2496 1072 2547 tamen

81 2562 214 2634 diligenter
239 2567 274 2620 de
302 2566 437 2621 memoria
463 2583 514 2619 sua
544 2566 642 2620 caveat
669 2567 740 2634 (cap.
766 2566 819 2631 31).
869 2565 1071 2618 Percurruutur

82 2633 176 2705 deinde,
200 2654 272 2705 quae
291 2654 309 2691 a
326 2638 468 2705 Torquato
492 2637 526 2689 de
544 2635 679 2689 memoria
696 2636 874 2705 voluptatum
897 2634 973 2688 dicta
992 2637 1073 2688 erant

81 2706 137 2775 (cap.
156 2711 213 2778 32),
236 2710 265 2762 et
288 2707 322 2760 de
345 2706 432 2760 animi
448 2707 626 2775 voluptatum
648 2709 677 2759 et
702 2707 830 2760 dolorum
849 2723 864 2760 e
883 2717 997 2776 corpore
1017 2705 1070 2758 cri-

80 2776 130 2842 giue
156 2781 185 2832 et
210 2777 402 2846 magnitudine
430 2779 501 2847 (cap.
526 2779 579 2845 33).
620 2776 764 2831 Peroratio
787 2776 853 2831 libri
878 2775 1072 2830 excellentiam

80 2843 200 2903 humanae
223 2850 339 2902 naturae
362 2848 520 2917 praedicat,
543 2863 578 2901 ex
602 2863 657 2915 qua
679 2849 814 2916 appareat
835 2863 886 2900 nos
909 2846 946 2900 ad
970 2846 1072 2901 altiora

80 2918 102 2968 a
119 2918 356 2988 magnificentiora
378 2919 516 2986 quaedam
537 2919 619 2971 natos
643 2933 716 2984 esse,
739 2917 884 2985 voluptate
911 2919 1005 2973 autem
1024 2918 1071 2972 do-

80 2986 186 3045 minante
205 2990 294 3044 vitam
313 2988 444 3044 confundi
462 3003 612 3055 omnesque
630 2986 748 3041 virtutes
766 2988 858 3042 iacere
878 3004 990 3042 necesse
1012 3005 1071 3042 esse

81 3056 138 3127 (cap.
156 3064 290 3130 34-35).

132 3221 194 3286 Hic
213 3243 287 3286 cum
305 3225 437 3306 uterque
455 3242 506 3284 mc
529 3221 708 3284 intueretur
726 3241 857 3305 seseque
881 3219 921 3283 ad
943 3218 1070 3282 audien·
1093 3193 1109 3311 ᾖ

80 3303 143 3373 dum
161 3310 383 3395 significarent
400 3312 543 3393 paratos
561 3308 720 3390 Primum,
743 3308 889 3390 iuquam,
912 3307 1072 3388 deprecor,

79 3413 111 3457 ue
131 3419 179 3463 me
206 3403 374 3482 tamquam
401 3396 631 3481 philosophum
659 3396 779 3479 putetis
807 3394 951 3466 scholam
979 3391 1072 3454 vobis

79 3482 207 3568 aliquam
230 3486 478 3570 explicaturum,
501 3484 585 3568 quod
602 3505 644 3548 ne
666 3485 701 3548 in
723 3483 802 3567 ipsis
821 3480 948 3566 quidem
967 3478 1072 3562 philo·
