2346 3876
121 178 186 243 218
239 262 240 266 ¹
317 178 614 234 TUSCULANARUM
632 178 938 235 DISPU'l'A'l’IONUM

122 356 206 407 quam
225 355 308 407 supra
327 354 389 406 cap.
404 344 436 391 11
456 337 599 405 attulerit,
616 340 678 391 tum
690 339 806 407 propter
819 338 925 392 multas
940 337 1012 394 alias
1026 356 1123 394 causas.

121 410 181 464 Neo
207 408 281 463 enim
309 410 424 478 propter
449 424 479 461 se
506 407 601 462 timeri
626 411 759 474 mortem,
788 424 860 477 quae
882 409 1050 478 plerumque
1072 409 1123 464 sine

121 497 204 534 sensu
224 480 287 546 fiat,
312 495 370 533 non
391 496 544 546 numquam
567 477 653 533 etiam
675 495 739 532 cum
761 478 923 547 voluptate,
950 479 1003 533 sed
1019 483 1123 554 propter

122 551 275 606 discessum
298 549 334 603 ab
359 549 486 603 omnibus
508 548 585 604 vitae
607 548 701 615 bonis;
725 564 759 603 ea
777 564 844 602 vero
868 565 930 603 esse
949 553 1000 604 aut
1019 550 1123 620 opinata

121 623 231 676 tantum
250 622 300 674 aut
316 621 377 672 tam
394 635 486 688 pauca
504 622 533 674 et
550 636 651 688 parva,
674 621 706 673 ut
730 619 871 673 malorum
888 621 920 674 et
936 621 1122 691 magnitudine

122 693 151 746 et
168 690 347 745 multitudine
366 689 532 757 obruantur,
551 692 636 757 atque
650 690 740 744 morte
755 689 850 744 omnia
866 691 943 744 mala
962 693 992 745 et
1008 691 1122 761 pericula

122 763 208 832 effugi
226 764 298 830 (cap.
314 765 447 842 34-36).
474 759 567 814 Nullis
585 759 666 814 bonis
684 760 768 813 rebus
786 776 882 815 carere
901 763 1039 831 mortuos,
1056 761 1121 830 quod

121 850 215 887 carere
233 833 258 887 is
277 832 388 885 demum
408 831 530 896 droatur,
554 829 600 884 cui
618 830 703 897 desit,
728 831 803 898 quod
822 831 967 886 desideret
985 835 1057 903 (cap.
1074 835 1121 900 36),

121 904 180 958 sine
199 920 281 957 sensu
299 903 393 954 autem
412 916 472 955 esse
489 900 562 954 nihil
578 900 684 954 habere
703 899 762 954 odii
779 903 852 969 tum,
876 918 942 956 cum
967 919 1064 958 sensus
1080 903 1121 956 ab·

120 975 195 1028 latus
214 974 251 1027 sit
268 983 340 1039 (cap.
355 973 407 1039 37).
435 973 476 1025 Ac
489 972 639 1040 propterea
659 987 768 1026 omnem
786 973 894 1026 metum
907 973 1009 1038 mortis
1025 973 1120 1043 pellen-

121 1045 188 1098 dum
207 1059 282 1109 esee,
300 1057 391 1110 neque
408 1041 540 1096 miserum
553 1041 709 1110 putandum
722 1043 832 1096 mature
847 1041 921 1096 mori
935 1045 977 1110 et,
995 1046 1029 1099 ut
1043 1043 1121 1111 aiunt,

121 1117 186 1169 ante
213 1117 338 1194 tempus1
366 1112 442 1181 quod
467 1112 576 1166 nullum
604 1114 711 1166 certum
737 1111 853 1166 vivendi
879 1113 1006 1182 spatium
1031 1117 1121 1168 natura

122 1184 243 1252 dederit,
262 1183 313 1237 sed
329 1184 467 1237 incertam
484 1183 560 1238 vitae
579 1199 691 1237 usuram
710 1184 780 1252 (cap.
800 1186 936 1254 39-41).
973 1183 1016 1239 De
1034 1185 1121 1239 huma-

120 1255 196 1309 tione
215 1256 310 1308 autem
329 1255 358 1307 et
377 1254 520 1323 sepultura
538 1269 594 1307 non
612 1269 673 1308 esse
689 1253 889 1321 laborandum,
911 1254 989 1322 quod
1006 1254 1076 1309 nihil
1091 1254 1122 1309 ad

121 1327 261 1379 mortuum
280 1323 422 1392 pertineat
440 1326 512 1393 (cap.
527 1326 665 1392 42-4o)‚
685 1339 800 1393 operam
812 1323 909 1394 potius
924 1325 1048 1380 dandam
1061 1341 1121 1392 esse,

121 1399 153 1450 ut
170 1394 341 1451 laudabilem
359 1393 448 1449 vitam
465 1393 590 1464 gloriosa
608 1394 717 1449 ratione
735 1394 875 1461 finiamus3
896 1412 960 1449 eam
980 1412 1041 1450 esse
1058 1394 1122 1465 opti·

121 1483 195 1520 mam
215 1481 304 1533 aequo
328 1463 422 1519 animo
445 1464 620 1534 oppetendae
638 1464 737 1519 mortis
759 1465 899 1520 rationem
918 1467 992 1536 (cap.
1011 1473 1058 1535 46,
1075 1468 1121 1533 4⁷).

121 1538 234 1607 Epilogl
251 1537 314 1592 loco
333 1535 498 1590 adferuntur
520 1535 643 1604 ipsorum
667 1536 783 1590 deorum
806 1535 840 1590 de
859 1538 950 1590 morte
969 1535 1122 1592 testimonia

121 1611 151 1664 et
160 1608 304 1663 hominum
314 1607 348 1660 de
358 1608 448 1660 morte
458 1622 508 1676 pro
518 1605 611 1674 patria
622 1606 750 1675 oppetita
757 1606 913 1661 sententiae
923 1609 998 1677 (cap.
1006 1608 1121 1674 47-49).

84 1819 100 1881 l
189 1839 269 1905 Cum
293 1839 514 1904 defensionum
540 1839 706 1903 laboribus
736 1837 971 1924 senatoriisque
994 1841 1123 1905 muneri·

88 1899 101 1943 ¹
123 1931 183 1995 bus
208 1931 264 1994 aut
288 1928 419 1992 omnino
443 1930 500 1992 aut
517 1947 638 2011 magna
661 1948 699 1991 ex
721 1930 815 2010 parte
834 1948 938 1991 essem
958 1928 1123 2013 aliquando

121 2019 292 2098 liberatus,
319 2015 429 2080 rettuli
461 2036 525 2098 me,
553 2014 667 2097 Brute,
693 2018 726 2079 te
749 2016 903 2080 hortante
926 2017 1067 2081 maxime
1089 2016 1123 2080 ad

122 2128 159 2169 ea
187 2103 305 2185 studia,
333 2124 414 2187 quae
442 2106 569 2167 retenta
596 2103 719 2186 animo,
750 2104 885 2168 remissa
919 2104 1126 2189 temporibus,

120 2195 219 2276 longo
243 2190 412 2256 intervallo
436 2191 620 2255 intermissa
643 2191 804 2275 revocavi,
834 2194 964 2257 etcum
988 2193 1143 2258 omniumr

122 2282 253 2363 artium,
289 2300 371 2363 quae
408 2278 448 2343 ad
486 2283 608 2344 rectam
639 2279 770 2344 vivendi
801 2280 887 2344 viam
922 2282 1125 2364 pertinerent,

121 2369 206 2434 ratio
229 2371 263 2431 et
286 2367 457 2451 disciplina
476 2367 582 2433 studio
604 2368 795 2451 sapientiae,
818 2389 899 2452 quae
922 2369 1125 2455 philosophie

122 2457 251 2540 dicitur,
283 2455 516 2539 contineretur,
546 2454 608 2520 hoo
636 2456 717 2520 mihi
748 2455 874 2521 Latinis
901 2457 1022 2523 litteris
1051 2458 1126 2523 inlu·

122 2544 291 2610 strandum
323 2543 450 2627 putavi,
482 2566 547 2608 non
578 2544 654 2629 quia
689 2544 898 2629 philosophia
929 2543 1064 2613 Graecis
1098 2549 1126 2611 et

120 2633 240 2697 litteris
269 2636 301 2695 et
329 2631 512 2696 doctoribus
540 2633 661 2716 percipi
687 2655 752 2698 non
779 2637 905 2717 posset,
938 2637 997 2700 sed
1024 2659 1157 2702 meumu

122 2742 248 2803 semper
270 2719 423 2784 iudicium
445 2720 508 2783 fuit
527 2721 635 2784 omnia
658 2724 786 2786 nostros
810 2725 866 2786 aut
887 2723 1053 2790 invenisse
1075 2746 1127 2808 per

122 2829 156 2872 se
177 2808 353 2891 sapientius
373 2830 469 2891 quam
489 2806 626 2873 Graecos
642 2814 698 2874 aut
717 2815 851 2893 accepta
869 2811 910 2874 ab
929 2811 997 2876 illis
1015 2812 1127 2878 fecisse

120 2896 268 2977 meliora,
300 2915 381 2978 quae
413 2897 542 2981 quidem
574 2895 670 2982 digna
702 2899 909 2980 statuissent,
946 2900 982 2964 in
1014 2902 1128 2986 quibus

86 2984 335 3050 aolaborarent.
389 2983 474 3054 Nam
506 3006 612 3049 mores
645 2989 678 3049 et
712 2986 863 3050 instituta
895 2987 984 3052 vitae
1016 3011 1128 3074 resque

122 3070 316 3136 domesticas
336 3090 373 3134 ac
391 3071 560 3137 familiaris
574 3094 633 3137 nos
652 3073 798 3157 profecto
818 3079 850 3138 et
868 3075 985 3140 melius
1003 3081 1129 3142 tuemur
1141 3101 1162 3142 u

121 3164 154 3223 et
181 3158 315 3240 lautius,
342 3179 411 3222 rem
440 3181 516 3225 vero
544 3161 706 3243 publicam
737 3163 843 3227 nostri
875 3164 1014 3230 maiores
1047 3171 1130 3232 certo

122 3246 308 3311 melioribus
327 3248 590 3331 temperaverunt
604 3254 637 3313 et
653 3249 812 3315 institutis
826 3253 860 3314 et
872 3251 1010 3335 legibus.
1048 3253 1131 3330 Quid

121 3337 237 3420 loquar
259 3335 297 3398 de
321 3356 355 3398 re
379 3335 536 3400 militari?
558 3338 676 3421 inqua
697 3360 769 3404 oum
787 3339 906 3425 virtute
924 3342 1031 3406 nostri
1050 3343 1131 3407 mul-

120 3426 190 3487 tum
214 3422 395 3508 valuerunt,
422 3427 492 3487 tum
520 3425 593 3506 plus
621 3426 721 3489 etiam
748 3427 926 3511 disciplina
972 3429 1044 3494 Iam
1067 3431 1132 3514 illa,

110 3533 197 3596 quae
226 3514 360 3600 natura,
393 3534 460 3581 non
490 3512 610 3577 littoris
637 3514 782 3579 adsecuti
808 3519 898 3600 sunt,
924 3538 1031 3603 neque
1060 3540 1165 3584 cumas
