2346 3876
103 157 166 223 82.
358 154 651 211 ACADEMICORUM
668 153 839 211 PRIORUM

52 338 104 392 138
122 339 282 404 perpauca
294 318 489 383 balbutiens.
519 316 588 383 Vos
603 319 713 382 autem
727 315 808 381 mihi
821 317 958 401 verenti,
971 337 1014 383 ne
1027 318 1118 383 labar

105 407 146 472 ad
161 407 381 490 opinationem
399 410 433 471 et
451 405 573 490 aliquid
591 404 771 471 adsciscam
790 408 824 469 ct
841 406 1055 490 comprobem
1073 407 1118 472 in·

106 496 284 580 cognitum,
316 493 402 579 quod
434 493 566 560 minime
593 493 709 577 vultis,
742 492 818 576 quid
848 493 981 559 consilii
1014 494 1118 560 datis?
1164 534 1166 555 .

105 583 260 648 Testatur
282 603 377 667 saepe
400 580 602 665 Chrysippus
629 584 697 646 tres
725 582 813 646 solas
836 602 908 646 esse
932 583 1118 666 sententias,
1163 644 1166 657 ‚

106 693 186 756 qnae
210 668 338 736 defendi
358 669 496 754 possint,
518 669 558 734 de
580 669 698 735 finibus
719 669 894 753 bonorum3
918 670 1139 736 circumciditt
1162 688 1165 729 f

106 766 139 825 et
162 762 310 844 amputat
336 757 592 842 multitudinem
624 760 682 823 aut
703 757 788 822 enim
817 757 1029 824 honestatem
1051 781 1119 826 essa
1161 752 1165 837 ,ἷ

107 848 204 912 finem
227 851 284 912 ant
306 847 506 929 voluptatem
529 848 587 911 aut
614 849 795 930 utrumque.
839 845 928 912 Nam
955 848 1015 932 qui
1037 871 1118 913 sum·

107 958 195 1000 mum
217 935 339 1000 bonum
361 934 471 999 dicant
493 933 528 998 id
542 955 621 1012 esse,
644 935 674 998 si
687 956 838 999 vacemus
854 935 946 1000 omni
958 937 1118 1015 molestie,
1163 956 1165 981 ²

107 1045 162 1089 eos
186 1023 383 1088 invidiosum
405 1043 526 1087 nornen
547 1023 725 1106 voluptatis
747 1022 876 1108 fugere,
904 1023 961 1089 sed
985 1025 1022 1090 in
1044 1024 1118 1090 vici·
1162 1072 1165 1089 2

106 1113 209 1176 nitate
232 1110 368 1194 versari3
397 1110 482 1196 qnod
504 1109 610 1176 facere
633 1131 687 1175 eos
711 1111 825 1194 etiam,
848 1111 904 1196 qni
927 1112 1013 1179 illud
1035 1108 1164 1180 idemoi

108 1222 180 1265 cum
202 1199 373 1264 honestate
396 1198 638 1284 coniungerent,
660 1220 720 1263 nec
741 1199 845 1264 multo
869 1220 962 1266 secus
982 1222 1049 1285 eos,
1066 1201 1119 1288 qui

108 1288 147 1352 ad
175 1287 382 1352 honestatem
408 1287 514 1372 prima
540 1291 676 1352 naturae
699 1287 870 1353 commoda
897 1288 1119 1375 adiungerent

107 1375 159 1440 Ita
181 1376 242 1441 tris
265 1374 419 1459 relinquit
442 1375 634 1458 sententias,
650 1397 747 1459 quas
777 1379 874 1461 putat
903 1377 1120 1462 probabiliter

56 1488 107 1540 139
130 1485 225 1549 posse
248 1463 383 1529 defendi.
424 1460 475 1529 Sit
496 1485 573 1529 sane
595 1464 656 1547 ita3
675 1483 910 1548 quamquama
933 1465 1119 1534 Polemonis

109 1557 142 1618 et
164 1552 454 1637 Peripateticorum
476 1553 511 1616 et
532 1551 687 1617 Antiochi
716 1552 835 1618 finibus
858 1574 925 1618 non
951 1553 1053 1620 facile
1075 1554 1150 1622 ‹li-rr

108 1643 211 1708 vellor
233 1662 293 1707 neo
316 1640 488 1726 quicquam
509 1640 614 1706 habeo
638 1639 743 1705 adhuc
765 1641 984 1728 probabilius3
1008 1664 1120 1724 rerum

108 1735 220 1796 tamen
237 1729 341 1814 video,
363 1751 459 1814 quam
484 1729 625 1794 suaviter
647 1728 798 1812 voluptas
822 1730 974 1794 sensibus
998 1731 1120 1798 nostris

109 1819 301 1884 blandiatur.
345 1817 454 1882 Labor
476 1837 529 1900 eo,
555 1819 593 1880 ut
615 1815 779 1882 adsentiar
800 1817 944 1901 Epicuro
968 1823 1027 1884 aut
1049 1819 1120 1884 Ari·

110 1909 231 1991 stipp03
256 1908 388 1971 revocat
410 1904 514 1970 virtus
537 1905 588 1970 vel
610 1905 718 1988 potius
741 1906 909 1989 reprendit
931 1928 1045 1993 manu,
1067 1928 1121 1992 pa·

110 1996 227 2060 cadum
254 1994 329 2058 illos
357 1997 465 2059 motus
493 2014 563 2058 esse
592 1993 684 2077 dicit,
714 1992 880 2058 hominem
912 1994 1022 2081 iungit
1054 1996 1156 2063 deo.»

109 2082 247 2149 Possum
274 2103 344 2147 esse
372 2081 510 2165 medius,
536 2085 589 2164 ut,
617 2081 770 2165 quoniam
792 2082 997 2168 Aristippus,
1028 2084 1121 2168 quasi

111 2172 255 2237 animum
277 2171 403 2236 nullum
426 2170 612 2254 habeamus,
635 2191 750 2255 corpus
765 2172 871 2236 solum
888 2175 1007 2256 tuetur,
1026 2171 1122 2258 Zeno,

110 2260 202 2345 qnasi
229 2259 374 2344 corporis
407 2258 507 2324 simus
537 2262 697 2342 expertes,
729 2260 872 2324 animum
900 2261 1009 2325 solum
1035 2282 1122 2326 com·

110 2349 276 2433 plectitur,
306 2352 344 2413 ut
366 2346 604 2432 Calliphontem
628 2367 757 2431 sequar,
785 2347 876 2413 cuius
899 2348 1029 2433 quidem
1052 2370 1121 2415 sen·

111 2437 249 2502 tentiam
272 2434 453 2502 Carneades
480 2436 529 2500 ita
555 2435 699 2501 studiose
728 2435 959 2520 defensitabat,
990 2440 1028 2503 ut
1050 2458 1157 2504 cama

111 2528 249 2611 probare
273 2525 373 2591 etiam
395 2524 570 2610 videretur3
600 2546 795 2608 quamquam
818 2522 1043 2591 Clitomachus
1068 2526 1121 2591 ad·

111 2616 263 2681 firmabat
284 2635 463 2699 numquam
485 2635 520 2678 se
547 2613 735 2698 intellegere
757 2613 917 2697 potuisse,
944 2613 1024 2700 quid
1045 2613 1124 2681 Car·

112 2704 208 2770 neadi
237 2704 439 2789 probaretur.
499 2699 572 2767 Scd'
592 2702 621 2767 si
651 2702 752 2767 istum
778 2702 874 2767 finem
896 2703 995 2767 velim
1023 2703 1124 2790 sequi,

112 2813 218 2858 nonno
249 2792 321 2876 ipsa
346 2790 465 2855 veritas
493 2792 526 2854 et
553 2789 662 2874 gravis
687 2793 719 2854 et
740 2793 830 2854 recta
851 2790 936 2855 ratio
959 2791 1042 2856 mihi
1071 2791 1123 2856 ad·

100 2880 279 2946 uersatur?
311 2879 370 2963 Tu,
394 2899 466 2944 cum
488 2877 642 2943 honestas
660 2879 695 2943 in
708 2878 875 2963 voluptate
889 2881 1160 2946 contemnendas

114 2968 286 3051 consistat,
322 2967 526 3032 honestatem
556 2988 629 3030 cum
659 2967 827 3050 voluptate
863 2971 1030 3052 tamquam
1067 2969 1154 3039 ho·.

58 3039 103 3103 46
136 3056 256 3122 minem
275 3077 348 3121 cum
364 3055 461 3121 belua
479 3054 669 3138 copulabis?
700 3053 810 3120 Unum
828 3055 930 3140 igitur
947 3078 1016 3140 par,
1039 3057 1126 3143 quod

60 3115 198 3232 ¹4⁰depu
244 3147 290 3227 et,
322 3144 482 3228 reliquum
504 3147 568 3226 est,
594 3143 746 3227 voluptas
769 3165 843 3209 cum
865 3142 1052 3230 honestate3
1086 3146 1125 3210 de

114 3257 177 3321 quo
205 3232 385 3318 ‚hrysippo
408 3231 485 3316 fuit,
508 3235 664 3316 quantum
686 3250 746 3318 ego
770 3231 888 3311 sentio,
905 3253 983 3298 ‘non
1005 3254 1126 3319 magna

114 3321 288 3391 contentio.
332 3321 481 3386 Alteram
509 3321 537 3386 si
565 3342 712 3405 sequare,
745 3320 849 3385 multa
875 3324 974 3385 ruunt
996 3324 1031 3385 et
1057 3344 1160 3388 mass

113 3414 199 3478 ximo
222 3410 436 3477 communitas
460 3431 532 3475 cum
553 3409 724 3476 hominum
746 3427 872 3493 genere,
894 3409 1023 3494 caritas,
1046 3410 1127 3474 ami·

105 3502 198 3584 sitia,
230 3499 374 3587 iustitia,
407 3499 551 3588 reliquae
581 3499 733 3583 virtutes,
764 3517 900 3582 quarum
933 3517 1002 3563 esse
1034 3497 1127 3583 nulla
