2356 3870
93 158 140 224 96
259 158 307 212 on
326 155 470 211 smnus
488 125 668 210 Bonosum
685 153 733 210 un
752 154 937 210 nmoaun
1056 134 1059 140 ’

95 323 217 404 scripta
244 319 394 384 deterius.
444 317 567 394 Quibus
602 337 662 401 ego
696 317 867 400 assentior,
899 318 976 382 dum
1008 320 1110 386 modo
1153 297 1156 302 ⁵

96 411 135 474 de
157 408 272 474 iisdem
294 407 389 471 rebus
411 427 453 471 ne
476 405 616 470 Graecos
645 405 774 488 quidem
801 406 963 489 legendos
982 411 1110 490 putent.

95 497 160 562 Res
178 517 254 562 vero
272 496 376 560 bonas
394 493 511 559 verbis
518 493 629 557 electis
648 493 792 577 graviter
805 497 902 558 ornat
903 514 984 578 eque
1003 495 1109 561 dictas

96 587 166 670 quis
188 607 255 650 non
275 582 387 667 legat?
409 581 473 646 nisi
496 581 550 666 qui
573 601 607 645 se
629 580 723 664 plane
747 581 907 647 Graecum
929 583 995 647 dici
1017 585 1129 669 velit,

95 677 170 738 uta
117 671 341 738 tScaevola
359 674 410 735 est
431 674 582 754 praetore
603 669 763 733 salutatus
782 669 921 735 Athenis
939 669 1108 739 Albucius.
1122 696 1136 739 5

58 761 247 845 oQuemq
247 760 356 825 uidem
383 759 490 823 locum
518 778 591 821 cum
618 758 721 822 multa
702 762 885 823 atavenus
866 761 918 822 ate
952 763 987 824 et
1017 761 1109 827 omni

95 851 163 914 sale
186 782 272 914 ideqm
293 846 447 929 Lucilius,
471 845 556 928 apud
579 866 674 929 quem
694 846 859 929 praeclare
884 845 1054 915 Scaevola·

159 971 345 1037 Graecum
367 972 418 1054 te,
440 966 593 1053 Albuci,
621 990 731 1053 quam
753 967 963 1034 Romanum
991 975 1107 1056 atque

773 1055 972 1142 Sabinum,

159 1147 394 1232 Municipem
416 1145 530 1211 P't'ou
521 1168 547 1229 1,
501 1144 653 1209 tTrit
639 1144 759 1230 tanni,
782 1147 1067 1247 centurionum,
1120 1175 1144 1214 ιο

159 1235 454 1301 Praeclarorum
472 1233 669 1298 hominum
689 1255 730 1298 ac
748 1233 961 1318 primorum
980 1236 1107 1321 signi·

758 1321 959 1406 ferumque

158 1410 337 1477 Maluist'
308 1410 443 1476 t1dici.
480 1407 623 1474 Graece
643 1429 732 1494 ergo
750 1412 862 1494 praet
867 1432 908 1475 or
926 1410 1106 1498 Athenis,

160 1499 203 1564 Id
235 1499 334 1584 quod
360 1497 550 1581 maluisti,
582 1500 631 1581 te,
663 1518 745 1561 cum
777 1497 821 1562 ad
856 1519 912 1562 me
940 1502 1106 1586 accedis,

825 1586 972 1652 saluto:
1117 1611 1140 1652 15

162 1674 340 1760 Χαῖρε,”
330 1697 498 1760 inquam,
513 1671 588 1737 Tit
594 1671 640 1738 el’
655 1673 832 1756 lictores,
845 1664 1104 1743 turmaomnis

743 1760 972 1847 cohorsque:

162 1851 311 1936 Χαῖρε,
328 1849 441 1963 Tite!’
470 1847 571 1914 Hinc
589 1848 717 1914 hostis
731 1871 781 1913 mi
772 1849 999 1936 Albucius,
1018 1852 1104 1918 hinc

780 1937 971 2004 inimicus.

42 2104 77 2152 10
185 2077 284 2143 sed
275 2098 358 2143 1ure·
371 2077 507 2141 Mucius.
560 2077 632 2163 Ego
661 2081 768 2143 autem
796 2079 910 2144 mirari
936 2082 1015 2146 satis
1040 2104 1163 2155 nonu,

96 2189 191 2252 queo,
213 2167 296 2232 unde
318 2166 380 2230 hoc
403 2166 447 2230 sit
467 2169 538 2231 tam
560 2167 704 2231 insolens
728 2167 980 2233 domesticarum
997 2191 1104 2235 rerum

94 2255 271 2321 fastidium.
320 2253 473 2320 Nont
424 2257 473 2318 est
500 2256 630 2320 omnino
657 2254 712 2320 hie
744 2254 878 2320 docendi
909 2256 1017 2342 locus3
1050 2259 1105 2324 sed

93 2346 143 2409 ita
175 2343 280 2409 sentio
313 2345 346 2407 et
375 2364 470 2425 saepe
503 2343 652 2426 disserui,
682 2343 834 2408 Latinam
862 2344 1011 2430 linguam
1039 2356 1108 2413 non

95 2432 190 2497 modo
218 2452 280 2497 nou
307 2433 453 2514 inopem,
480 2434 519 2496 ut
544 2431 643 2515 vulgo
675 2434 843 2516 putarent,
875 2433 931 2497 sed
964 2434 1105 2538 loeuple-

93 2522 214 2586 tioram
246 2520 344 2585 etiam
380 2541 451 2583 esse
487 2541 583 2602 quam
619 2516 786 2585 Graecam.
845 2520 981 2597 Quando
1019 2524 1137 2588 enimn

94 2610 205 2692 nobis,
235 2609 288 2674 vel
319 2607 425 2672 dicam
461 2609 518 2671 aut
549 2607 731 2672 oratoribus
765 2609 880 2673 bonis
897 2612 953 2674 aut
988 2613 1104 2696 poetis,

94 2701 169 2781 post
171 2718 209 2761 ea
240 2696 369 2782 quidem
400 2716 497 2778 quam
527 2694 605 2780 fuit,
637 2716 732 2779 quem
763 2696 982 2781 imitarentur,
1018 2700 1104 2765 ullus

96 2784 252 2850 orationis
275 2784 329 2849 vel
351 2783 501 2884 copiosae
524 2784 575 2847 vel
599 2783 737 2868 elegant
728 2805 756 2848 1s
780 2788 913 2850 ornatus
935 2748 1062 2852 debuit?

54 2891 77 2953 4
160 2870 233 2956 Ego
261 2893 352 2950 vero,
379 2871 533 2956 quoniam
560 2870 743 2937 forensibus
771 2873 894 2956 operis,
927 2874 1106 2960 laboribus,
1175 2912 1177 2923 ·

94 2960 247 3046 periculis
273 2981 340 3025 non
367 2957 545 3025 deseruisse
576 2958 658 3024 mihi
688 2959 799 3026 videor
829 2961 1040 3048 praesidium,
1071 2965 1141 3030 inco

94 3071 157 3133 quo
187 3071 207 3113 a
233 3047 354 3132 populo
376 3046 524 3112 Romano
551 3048 677 3112 locatus
706 3069 791 3132 sum,
818 3049 918 3115 debeo
948 3051 1106 3135 profecto,

94 3141 386 3221 quantumcumque
408 3157 554 3220 possum,
581 3135 616 3200 in
639 3156 676 3201 eo
706 3158 833 3221 quoque
856 3137 1042 3240 elaborare,
1070 3144 1108 3205 ut

94 3226 159 3290 siut
187 3245 301 3308 opera,
327 3224 448 3306 studio,
475 3224 586 3289 labore
615 3246 687 3289 meo
719 3224 881 3290 doctiores
911 3225 999 3292 cives
1032 3230 1106 3306 mei,

93 3335 153 3379 nec
176 3334 249 3378 cum
276 3312 350 3377 istis
377 3274 549 3396 tantopere
573 3332 733 3397 pugnare,
759 3314 815 3397 qui
843 3313 970 3380 Graeca
997 3317 1106 3402 legere

93 3402 221 3486 malint,
254 3401 349 3466 modo
381 3401 494 3486 legant
479 3401 619 3466 tilla
609 3423 694 3487 ipsa,
725 3422 766 3465 ne
798 3402 967 3488 simulent,
999 3406 1075 3471 et
1064 3407 1105 3470 ris
1119 3428 1141 3471 a

93 3490 227 3574 servire,
249 3511 305 3573 qui
296 3489 374 3555 vel
392 3490 538 3574 utrisque
560 3489 678 3555 litteris
696 3489 745 3555 uti
767 3491 869 3557 velint
886 3492 952 3578 vel,
975 3493 1006 3560 si
1029 3514 1106 3560 suas
