2356 3870
116 175 195 268 398Ι
313 201 610 257 ruscunxuxuun
628 200 931 256 nrsruuxrronuu

116 386 325 448 permanens,
346 363 571 427 adflictatio
591 363 758 446 aegritudo
777 384 851 426 cum
869 364 1041 427 vexatione
1060 385 1123 428 cor-

116 454 218 534 poris,
246 451 468 534 desperatio
497 450 665 534 aegritudo
694 451 762 516 sine
784 450 852 514 ulla
878 472 989 514 rerum
1016 473 1122 536 expec-

116 541 240 604 tatione
273 539 451 603 mcliorum.
505 538 594 614 Quae
627 542 735 602 autern
773 538 917 603 subiecta
953 543 1032 603 sunt
1065 541 1122 604 sub

118 633 269 709 metum,
297 649 335 691 ea
363 627 409 690 sic
436 627 606 690 definiunt:
633 626 836 710 pigritiam
862 629 987 690 metum
1018 648 1122 692 conse·

66 731 97 778 19
118 716 245 804 quentis
264 715 402 798 laboris,
417 764 534 779 ......
547 717 733 777 terrorem
747 717 868 778 metum
881 715 1142 798 concutientem,⁵

118 826 156 867 ex
175 825 237 886 quo
257 803 302 886 fit,
321 806 358 866 ut
374 802 529 886 pudorem
541 801 648 884 rubor,
667 805 822 866 terrorem
836 801 945 885 pallor
959 807 994 867 et
1007 807 1123 868 tremor

113 896 150 954 vet
164 891 308 955 dentium
323 890 464 973 crepitus
479 892 703 972 consequatur,
719 889 898 954 timorem
911 893 1037 954 metum
1050 890 1124 955 mali

118 979 421 1062 adpropinquantis,
448 998 627 1061 pavorem
654 981 777 1041 metum
800 982 943 1042 mentem
965 979 1039 1043 loco
1062 1000 1124 1043 mo-

117 1071 259 1149 ventem,
283 1088 322 1129 ex
345 1087 407 1149 quo
430 1064 511 1130 illud
533 1064 671 1129 Ennius:

161 1189 252 1252 Turn
275 1210 394 1271 pavor
417 1188 650 1272 sapie'ntiam
669 1210 815 1254 omnem
837 1188 887 1252 mi
906 1189 1155 1256 exanimatos

796 1276 1042 1361 expectorat,

117 1417 442 1481 exanimationem
461 1419 583 1481 metum
600 1417 848 1500 subsequentem
867 1421 901 1480 et
919 1418 1014 1501 quasi
1034 1417 1124 1482 comi·

118 1511 182 1569 tem
214 1505 359 1588 pavoris,
392 1505 732 1568 conturbationem
758 1508 882 1570 metum
909 1506 1125 1570 excutientem

118 1593 274 1676 cogitata,
297 1592 543 1658 formidinem
566 1597 689 1656 metum
711 1595 964 1676 permanentem.
1117 1642 1121 1647 .

183 1681 373 1764 Voluptatis
402 1683 509 1744 autem
537 1683 645 1763 partes
672 1680 734 1744 hoc
756 1679 853 1745 modo
875 1680 1070 1767 discribunt,
1091 1684 1125 1746 ut

117 1769 387 1833 malivolentia
426 1769 469 1832 sit
500 1769 649 1851 voluptas
686 1789 725 1832 ex
761 1768 848 1833 m'alo
885 1769 1021 1834 alterius
1059 1770 1156 1835 sinere

117 1856 333 1921 emolumento
358 1877 430 1939 suo,
452 1855 660 1920 delectatio
684 1856 835 1938 voluptas
853 1857 1018 1922 suavitate
1040 1857 1122 1923 audi·

116 1950 169 2008 tus
188 1944 332 2009 animum
351 1944 528 2026 deleniens3
547 1947 580 2006 et
598 1943 703 2028 qualis
723 1947 773 2007 est
790 1943 871 2008 haec
890 1945 1029 2030 aurium,
1046 1947 1124 2011 talea

118 2036 193 2097 sunt
224 2036 257 2096 et
288 2032 454 2097 oculorum
492 2036 524 2095 et
558 2032 738 2097 tactionum
770 2035 803 2096 et
834 2031 1062 2098 odorationum
1094 2035 1125 2098 et

118 2142 281 2203 saporum,
310 2141 391 2204 quae
419 2118 494 2183 sunt
515 2137 628 2184 omnes
659 2120 752 2184 unius
775 2120 903 2203 generis
927 2119 969 2184 ad
995 2121 1124 2205 perfun-

116 2207 256 2271 dendum
293 2208 435 2271 animum
470 2211 639 2292 tamquam
677 2207 901 2291 inliquefactae
933 2208 1156 2294 voluptatem

116 2295 288 2360 Iactatio
320 2299 370 2359 est
401 2296 551 2375 voluptas
583 2295 726 2378 gestiens
753 2299 787 2358 et
814 2316 848 2359 se
875 2297 1011 2362 efferens
1042 2299 1124 2363 inso-

65 2385 245 2448 attentius.
299 2382 389 2460 Quae
418 2386 527 2447 autem
556 2383 683 2448 hbidini
716 2383 860 2449 subiecta
891 2388 981 2469 sunt,
1014 2407 1054 2451 ea
1081 2383 1124 2450 sic

117 2472 326 2550 definiuntur,
353 2476 391 2535 ut
418 2473 476 2535 ira
504 2471 548 2535 sit
574 2470 675 2537 libido
697 2471 869 2554 poeniendi
893 2472 975 2556 eins,
1003 2475 1060 2560 qui
1081 2472 1122 2538 vi·

117 2560 229 2625 deutur
256 2561 392 2624 'laesisse
424 2559 555 2642 iniuria,
588 2558 910 2624 excandescentia
941 2563 1053 2626 autem
1083 2560 1123 2625 sit

116 2649 166 2712 ira
192 2670 328 2713 nascens
356 2651 389 2710 et
416 2647 512 2711 modo
540 2647 695 2731 existens,
722 2669 803 2730 quae
827 2641 983 2731 θύμωσις
1006 2648 1152 2714 Graecus

118 2737 247 2820 dicitrn,
275 2737 402 2801 odium
429 2735 477 2798 ira
506 2735 697 2820 inveterata,
724 2735 938 2800 inimicitia
967 2737 1020 2802 ira
1048 2735 1121 2802 ulci-

117 2825 226 2888 scendi
248 2829 375 2907 tempus
400 2824 587 2907 observans,
615 2822 809 2888 discordia
834 2824 885 2889 ira
906 2825 1055 2890 acerbior
1079 2825 1121 2890 in·

23 2986 24 2990 ¹
116 2913 197 2976 timo
216 2912 323 2976 animo
345 2915 378 2974 et
401 2911 495 2975 corde
518 2913 687 2996 concepta,
709 2911 931 2996 indigentia
954 2911 1057 2977 libido
1078 2912 1121 2976 in·

118 2998 298 3083 explebilis,
321 2997 557 3064 desiderium
574 2998 676 3064 libido
694 2998 776 3083 eius,
795 2999 1014 3081 quirendum
1034 3000 1121 3082 adsit,

117 3087 255 3152 videndi.
290 3086 506 3170 Distinguunt
527 3086 607 3152 illud
626 3087 738 3170 etiam,
760 3090 798 3151 ut
820 3086 922 3152 libido
947 3088 992 3152 sit
1015 3107 1152 3154 eamme

117 3197 239 3260 rerum,
261 3195 342 3280 quae
361 3173 510 3239 dicuntur
528 3175 566 3239 de
585 3175 724 3259 quodam
743 3179 800 3239 aut
818 3175 1022 3261 quibusdam,
1045 3195 1121 3260 quae

117 3284 370 3346 κατηγορηματα
393 3261 553 3327 dialectici
576 3263 755 3348 appellent,
782 3265 819 3328 ut
841 3262 962 3328 habere
984 3264 1121 3345 divitias,

118 3372 230 3434 capere
253 3349 407 3432 honores,
429 3349 609 3434 indigentia
631 3372 738 3416 rerum
761 3351 905 3435 ipsarum
929 3352 986 3436 sit,
1009 3356 1047 3417 ut
1068 3351 1119 3415 hc·

64 3453 97 3500 aa
117 3461 248 3523 norum,
269 3442 307 3503 ut
328 3438 492 3522 pecuniae.
537 3437 690 3504 Omnium
713 3442 822 3504 autem
843 3439 1120 3523 perturbationum

110 3527 237 3594 fontem
258 3548 329 3593 esse
347 3527 457 3593 dicunt
474 3526 827 3611 intemperantiam,
846 3531 998 3612 quaeest
1017 3550 1037 3594 a
1054 3528 1148 3592 totta

71 1652 90 1712 9

64 1729 98 1777 20
