2346 3876
99 138 165 202 344
296 137 592 194 TUSCULANARUM
610 135 913 192 DISPUTATIONUM

99 299 281 364 contraxit?
316 299 456 362 Tantum
478 298 678 382 exercitatio,
701 296 886 381 meditatio,
908 296 1090 362 consuetudo

99 387 196 452 valet.
239 385 328 470 Ergo
351 386 413 451 boc
434 387 556 469 poterit

166 506 330 591 Samnis,
372 528 531 590 spurcus
571 508 697 592 homo,
738 507 822 571 vita
859 506 934 571 illa
969 507 1092 591 dignus

842 594 1018 678 locoque,
1135 670 1137 683 ι

99 737 149 800 vir
165 740 262 801 natus
281 736 321 799 ad
344 734 482 819 gloriam
500 735 600 799 ullam
618 739 744 817 partem
762 734 865 798 animi
887 738 959 798 tarn
977 733 1095 799 mollem
1134 716 1137 755 ⁵

98 823 247 908 habebit,
270 843 366 906 quam
384 843 452 887 non
468 821 678 887 meditatione
692 825 725 886 et
747 822 875 886 ratione
893 819 1112 887 conroboretls
1135 822 1137 827 ’

100 909 235 975 Crudele
263 908 478 994 gladiatorum
506 909 723 992 spectaculum
746 913 779 973 et
807 909 1021 974 inhumanum
1040 929 1096 983 non

99 998 197 1062 nullis
225 998 327 1063 videri
353 997 450 1079 solet,
477 1000 510 1061 et
536 996 622 1061 haud
650 997 716 1061 scio
740 1018 782 1060 an
809 996 858 1060 ita
880 996 939 1080 sit,
966 1000 1004 1061 ut
1022 1016 1097 1060 nnnc

99 1086 146 1151 fit.
182 1084 263 1151 Cum
285 1105 361 1149 vcro
385 1088 494 1149 sontes
515 1083 601 1150 ferro
621 1083 865 1170 depugnabant,
888 1085 1022 1149 auribus
1041 1083 1096 1149 for·
1135 1102 1137 1107 ·

99 1176 186 1237 tasse
209 1172 343 1254 multae,
366 1172 467 1236 oculis
491 1172 618 1255 quidem
636 1172 727 1237 nulla
748 1175 880 1254 poterat
890 1170 1097 1255 assentortior

100 1263 215 1324 contra
237 1259 380 1323 dolorem
403 1262 437 1322 et
457 1263 596 1326 mortem
619 1259 797 1342 disciplina.
1105 1280 1123 1320 a

166 1345 215 1410 De
235 1346 461 1411 exercitatione
480 1350 513 1410 et
531 1348 759 1412 consuetudine
780 1349 813 1410 ct
835 1347 1097 1412 commentatione

48 1317 91 1441 lt

101 1433 179 1516 dixi3
208 1454 280 1518 age,
308 1433 366 1516 sis,
394 1455 478 1499 nunc
505 1434 545 1498 de
571 1435 697 1500 ratione
723 1435 905 1519 videamus,
936 1434 1001 1500 nisi
1032 1432 1097 1517 quid

100 1521 150 1585 vis
173 1521 214 1585 ad
235 1521 323 1586 haec.

166 1610 207 1674 A.
225 1608 339 1695 Egone
352 1611 390 1671 ut
407 1610 439 1671 te
452 1608 677 1692 interpellem?
694 1629 736 1672 ne
757 1609 820 1674 hoc
833 1609 964 1692 quidem
977 1610 1097 1690 uellem

100 1698 147 1761 ita
170 1719 221 1761 me
244 1697 283 1761 ad
306 1695 498 1760 credendum
519 1698 577 1760 tua
599 1695 687 1760 ducit
708 1697 821 1761 oratio.
1108 1717 1126 1757 u

166 1791 211 1848 M.
231 1783 322 1849 Sitne
335 1783 438 1867 igitur
451 1782 573 1846 malum
588 1783 696 1848 dolere
714 1804 824 1865 neone,
842 1780 945 1849 Stoici
961 1784 1099 1861 viderint,

100 1873 156 1956 qui
184 1871 374 1937 contortulis
402 1870 593 1953 quibusdam
612 1874 653 1935 et
681 1869 814 1935 minutis
837 1870 1100 1937 conclusiunculis

100 1980 160 2023 nec
187 1959 227 2023 ad
255 1980 367 2024 sensus
398 1957 664 2040 permanantibus
692 1958 775 2023 effici
801 1959 915 2023 volunt
942 1980 1010 2024 non
1039 1978 1100 2024 esso

100 2046 222 2109 malum
240 2046 392 2111 dolorem.
428 2044 501 2129 lllgo
519 2045 613 2127 illud,
631 2044 782 2130 quicquid
800 2045 858 2128 sit,
880 2048 1012 2111 tantum
1030 2066 1101 2127 esse,

101 2136 257 2215 quantum
278 2133 440 2216 videatur,
462 2154 530 2198 non
550 2137 643 2216 puto,
666 2132 811 2217 falsaque
833 2132 901 2211 eius
924 2133 1052 2199 visione
1072 2135 1130 2196 eta

101 2219 206 2303 specie
229 2221 350 2284 moveri
373 2220 521 2284 homines
545 2220 615 2284 dico
638 2220 873 2302 uehementius,
901 2220 1101 2304 doloremque

101 2328 229 2372 omnem
265 2329 334 2372 esse
363 2307 575 2372 tolerabilem.
635 2306 729 2372 Unde
760 2307 861 2392 igitur
897 2308 1030 2373 ordiar?
1065 2329 1102 2372 ar

101 2395 211 2460 eadem
233 2395 374 2460 breviter
397 2397 573 2486 attingam,
603 2416 684 2479 quae
707 2394 803 2460 modo
830 2394 911 2479 dixi,
940 2417 1004 2479 quo
1031 2395 1101 2460 iaci·

48 2495 82 2542 43
101 2482 164 2547 lius
201 2483 305 2548 oratio
341 2484 493 2568 progredi
529 2483 634 2567 possit
668 2482 820 2567 longius?
875 2481 969 2548 Inter
1001 2483 1101 2549 omnis

100 2570 200 2654 igitur
229 2571 291 2635 hcc
322 2574 463 2654 constat,
494 2593 553 2636 nec
585 2571 696 2635 doctos
726 2569 874 2635 homines
905 2571 1026 2654 solum,
1051 2569 1131 2636 seda

101 2658 200 2721 etiam
222 2658 382 2741 indoctos,
409 2659 552 2724 virorum
575 2679 644 2722 esse
667 2658 801 2722 fortium
823 2660 857 2721 ct
883 2659 1103 2743 magnanimo

100 2766 172 2807 rum
200 2748 233 2808 et
258 2745 451 2828 patientium
479 2748 512 2810 et
538 2746 679 2809 humana
705 2745 901 2809 vincentium
932 2747 1104 2811 toleranter

100 2830 243 2895 dolorem
270 2833 353 2916 pati3
380 2854 440 2897 nec
466 2854 542 2897 vero
570 2833 741 2916 quisquam
761 2831 838 2914 fuit,
864 2832 921 2915 qui
944 2834 1032 2918 eum,
1053 2833 1104 2916 qui

100 2918 148 2981 ita
170 2921 346 3002 pateretur,
368 2941 434 2984 non
455 2920 649 2984 laudandum
672 2923 809 3003 putaret.
854 2915 948 2993 Quod
974 2923 1104 3005 ergoet

101 3005 284 3088 postulatur
306 3028 325 3069 a
347 3005 485 3073 fortibus
509 3010 541 3071 et
563 3007 725 3091 laudatur,
748 3029 822 3071 cum
844 3006 896 3090 fit,
918 3006 952 3071 id
976 3012 1034 3073 aut
1055 3027 1132 3072 err-o

100 3092 268 3157 timescere
290 3093 422 3157 veniens
441 3098 580 3159 autnon
602 3095 686 3159 ferre
708 3114 859 3178 praesens
881 3115 991 3160 nonne
1013 3100 1103 3179 turpe

102 3178 172 3244 est?
216 3178 340 3264 Atquin
367 3181 453 3264 vide,
479 3203 533 3262 ne,
558 3204 630 3246 cum
659 3203 770 3246 omnes
797 3184 904 3245 rectae
929 3184 1031 3248 animi
1054 3181 1102 3247 ad·

100 3267 255 3333 lectiones
282 3267 418 3333 virtutes
446 3270 661 3353 appellentur,
689 3292 754 3335 non
781 3269 825 3333 sit
851 3268 914 3333 hoc
937 3271 1101 3354 proprium

100 3376 219 3420 nomeu
241 3356 398 3440 omnium,
421 3355 478 3419 sed
501 3357 541 3420 ab
566 3379 617 3440 ea,
644 3379 725 3442 quae
749 3379 812 3421 una
834 3357 950 3422 ceteris
974 3358 1100 3423 excelle·

101 3443 169 3526 bat,
198 3464 309 3508 omnes
336 3442 520 3508 nominatae
548 3445 624 3509 sint.
672 3444 849 3528 Appellato
876 3448 928 3509 est
954 3445 1040 3511 enim
1068 3461 1129 3507 ero
