<?xml version="1.0" encoding="UTF-8"?>
<!DOCTYPE html PUBLIC "-//W3C//DTD XHTML 1.0 Transitional//EN"
    "http://www.w3.org/TR/xhtml1/DTD/xhtml1-transitional.dtd">
<html xmlns="http://www.w3.org/1999/xhtml" xml:lang="en" lang="en">
 <head>
  <title>
</title>
<meta http-equiv="Content-Type" content="text/html;charset=utf-8" />
  <meta name='ocr-system' content='tesseract 3.04.00' />
  <meta name='ocr-capabilities' content='ocr_page ocr_carea ocr_par ocr_line ocrx_word'/>
</head>
<body>
  <div class='ocr_page' id='page_1' title='image "./mtulliiciceroni00mlgoog_0291.png"; bbox 0 0 2346 3876; ppageno 0'>
   <div class='ocr_carea' id='block_1_1' title="bbox 128 121 970 187">
    <p class='ocr_par' dir='ltr' id='par_1_1' title="bbox 128 121 970 187">
     <span class='ocr_line' id='line_1_1' title="bbox 128 121 970 187; baseline -0.011 1"><span class='ocrx_word' id='word_1_1' title='bbox 128 125 193 187; x_wconf 74' lang='lat'>242</span> <span class='ocrx_word' id='word_1_2' title='bbox 289 124 338 178; x_wconf 81' lang='lat' dir='ltr'>DE</span> <span class='ocrx_word' id='word_1_3' title='bbox 357 123 503 178; x_wconf 73' lang='lat' dir='ltr'>nmmos</span> <span class='ocrx_word' id='word_1_4' title='bbox 520 122 700 179; x_wconf 83' lang='lat' dir='ltr'>BONORUM</span> <span class='ocrx_word' id='word_1_5' title='bbox 716 124 765 178; x_wconf 85' lang='grc' dir='ltr'>ΕΤ</span> <span class='ocrx_word' id='word_1_6' title='bbox 783 121 970 180; x_wconf 76' lang='grc' dir='ltr'>ΜΔΙιΟΕΠΜ</span> 
     </span>
    </p>
   </div>
   <div class='ocr_carea' id='block_1_2' title="bbox 74 286 1163 3534">
    <p class='ocr_par' dir='ltr' id='par_1_2' title="bbox 127 286 1136 1076">
     <span class='ocr_line' id='line_1_2' title="bbox 127 286 1121 372; baseline 0 -21"><span class='ocrx_word' id='word_1_7' title='bbox 127 289 167 351; x_wconf 89' lang='lat' dir='ltr'>de</span> <span class='ocrx_word' id='word_1_8' title='bbox 190 308 316 351; x_wconf 88' lang='lat' dir='ltr'>summo</span> <span class='ocrx_word' id='word_1_9' title='bbox 340 288 440 368; x_wconf 90' lang='lat' dir='ltr'>bono,</span> <span class='ocrx_word' id='word_1_10' title='bbox 467 286 523 350; x_wconf 92' lang='lat' dir='ltr'>sed</span> <span class='ocrx_word' id='word_1_11' title='bbox 550 289 631 370; x_wconf 87' lang='lat' dir='ltr'>quot</span> <span class='ocrx_word' id='word_1_12' title='bbox 653 286 785 351; x_wconf 91' lang='lat' dir='ltr'>omnino</span> <span class='ocrx_word' id='word_1_13' title='bbox 808 308 879 352; x_wconf 87' lang='lat' dir='ltr'>esse</span> <span class='ocrx_word' id='word_1_14' title='bbox 909 291 1045 372; x_wconf 77' lang='lat' dir='ltr'><strong>possent</strong></span> <span class='ocrx_word' id='word_1_15' title='bbox 1065 309 1121 352; x_wconf 89' lang='lat' dir='ltr'>sen·</span> 
     </span>
     <span class='ocr_line' id='line_1_3' title="bbox 127 373 1120 461; baseline 0 -23"><span class='ocrx_word' id='word_1_16' title='bbox 127 375 257 440; x_wconf 85' lang='lat' dir='ltr'>tentiae.</span> <span class='ocrx_word' id='word_1_17' title='bbox 301 374 455 459; x_wconf 79' lang='lat' dir='ltr'>Negabat</span> <span class='ocrx_word' id='word_1_18' title='bbox 475 375 578 458; x_wconf 87' lang='lat' dir='ltr'>igitur</span> <span class='ocrx_word' id='word_1_19' title='bbox 600 373 701 438; x_wconf 88' lang='lat' dir='ltr'>ullam</span> <span class='ocrx_word' id='word_1_20' title='bbox 724 395 794 440; x_wconf 88' lang='lat' dir='ltr'>esse</span> <span class='ocrx_word' id='word_1_21' title='bbox 817 377 936 459; x_wconf 86' lang='lat' dir='ltr'>artem,</span> <span class='ocrx_word' id='word_1_22' title='bbox 961 397 1042 461; x_wconf 83' lang='lat' dir='ltr'>quaa</span> <span class='ocrx_word' id='word_1_23' title='bbox 1062 375 1120 459; x_wconf 83' lang='lat' dir='ltr'>ipsc</span> 
     </span>
     <span class='ocr_line' id='line_1_4' title="bbox 129 462 1120 546; baseline 0 -20"><span class='ocrx_word' id='word_1_24' title='bbox 129 485 147 526; x_wconf 90' lang='lat' dir='ltr'>a</span> <span class='ocrx_word' id='word_1_25' title='bbox 175 484 209 526; x_wconf 89' lang='lat' dir='ltr'>se</span> <span class='ocrx_word' id='word_1_26' title='bbox 235 463 506 546; x_wconf 86' lang='lat' dir='ltr'>proficisceretur;</span> <span class='ocrx_word' id='word_1_27' title='bbox 533 462 653 526; x_wconf 78' lang='lat' dir='ltr'>etenim</span> <span class='ocrx_word' id='word_1_28' title='bbox 684 483 810 546; x_wconf 82' lang='lat' dir='ltr'>semper</span> <span class='ocrx_word' id='word_1_29' title='bbox 841 462 923 527; x_wconf 91' lang='lat' dir='ltr'>illud</span> <span class='ocrx_word' id='word_1_30' title='bbox 957 467 1048 528; x_wconf 81' lang='lat' dir='ltr'>extra</span> <span class='ocrx_word' id='word_1_31' title='bbox 1076 465 1120 543; x_wconf 77' lang='lat' dir='ltr'>est,</span> 
     </span>
     <span class='ocr_line' id='line_1_5' title="bbox 128 549 1119 635; baseline -0.004 -20"><span class='ocrx_word' id='word_1_32' title='bbox 128 551 214 634; x_wconf 89' lang='lat' dir='ltr'>quod</span> <span class='ocrx_word' id='word_1_33' title='bbox 241 554 311 615; x_wconf 84' lang='lat' dir='ltr'>arte</span> <span class='ocrx_word' id='word_1_34' title='bbox 339 549 629 633; x_wconf 76' lang='lat' dir='ltr'>comprehenditur.</span> <span class='ocrx_word' id='word_1_35' title='bbox 678 549 771 615; x_wconf 90' lang='lat' dir='ltr'>Nihil</span> <span class='ocrx_word' id='word_1_36' title='bbox 799 572 882 635; x_wconf 89' lang='lat' dir='ltr'>opus</span> <span class='ocrx_word' id='word_1_37' title='bbox 911 554 963 615; x_wconf 91' lang='lat' dir='ltr'>est</span> <span class='ocrx_word' id='word_1_38' title='bbox 985 549 1119 634; x_wconf 86' lang='lat' dir='ltr'>exemplis</span> 
     </span>
     <span class='ocr_line' id='line_1_6' title="bbox 127 638 1136 722; baseline -0.003 -20"><span class='ocrx_word' id='word_1_39' title='bbox 127 639 189 704; x_wconf 91' lang='lat' dir='ltr'>hoc</span> <span class='ocrx_word' id='word_1_40' title='bbox 207 638 312 702; x_wconf 90' lang='lat' dir='ltr'>facere</span> <span class='ocrx_word' id='word_1_41' title='bbox 329 639 473 722; x_wconf 74' lang='lat' dir='ltr'>longius,</span> <span class='ocrx_word' id='word_1_42' title='bbox 496 641 547 702; x_wconf 90' lang='lat' dir='ltr'>est</span> <span class='ocrx_word' id='word_1_43' title='bbox 565 638 650 701; x_wconf 92' lang='lat' dir='ltr'>enim</span> <span class='ocrx_word' id='word_1_44' title='bbox 668 639 872 722; x_wconf 88' lang='lat' dir='ltr'>perspicuum</span> <span class='ocrx_word' id='word_1_45' title='bbox 890 639 1017 705; x_wconf 86' lang='lat' dir='ltr'>nnllam</span> <span class='ocrx_word' id='word_1_46' title='bbox 1034 642 1136 703; x_wconf 73' lang='lat' dir='ltr'>artene</span> 
     </span>
     <span class='ocr_line' id='line_1_7' title="bbox 127 725 1120 810; baseline 0 -20"><span class='ocrx_word' id='word_1_47' title='bbox 127 727 232 810; x_wconf 84' lang='lat' dir='ltr'>ipsam</span> <span class='ocrx_word' id='word_1_48' title='bbox 264 727 298 791; x_wconf 93' lang='lat' dir='ltr'>in</span> <span class='ocrx_word' id='word_1_49' title='bbox 330 748 365 790; x_wconf 89' lang='lat' dir='ltr'>se</span> <span class='ocrx_word' id='word_1_50' title='bbox 396 726 533 809; x_wconf 87' lang='lat' dir='ltr'>versari,</span> <span class='ocrx_word' id='word_1_51' title='bbox 569 725 625 790; x_wconf 91' lang='lat' dir='ltr'>sed</span> <span class='ocrx_word' id='word_1_52' title='bbox 659 746 729 790; x_wconf 88' lang='lat' dir='ltr'>esse</span> <span class='ocrx_word' id='word_1_53' title='bbox 761 726 850 791; x_wconf 86' lang='lat' dir='ltr'>aliud</span> <span class='ocrx_word' id='word_1_54' title='bbox 882 729 989 791; x_wconf 85' lang='lat' dir='ltr'>artem</span> <span class='ocrx_word' id='word_1_55' title='bbox 1024 727 1120 810; x_wconf 86' lang='lat' dir='ltr'>ipsan,</span> 
     </span>
     <span class='ocr_line' id='line_1_8' title="bbox 128 812 1120 900; baseline -0.003 -22"><span class='ocrx_word' id='word_1_56' title='bbox 128 815 228 895; x_wconf 84' lang='lat' dir='ltr'>aliud,</span> <span class='ocrx_word' id='word_1_57' title='bbox 251 813 334 898; x_wconf 91' lang='lat' dir='ltr'>quod</span> <span class='ocrx_word' id='word_1_58' title='bbox 357 814 560 897; x_wconf 89' lang='lat' dir='ltr'>propositum</span> <span class='ocrx_word' id='word_1_59' title='bbox 588 812 632 877; x_wconf 89' lang='lat' dir='ltr'>sit</span> <span class='ocrx_word' id='word_1_60' title='bbox 655 814 728 878; x_wconf 77' lang='lat' dir='ltr'>arti</span> <span class='ocrx_word' id='word_1_61' title='bbox 773 813 934 889; x_wconf 79' lang='lat' dir='ltr'>Quoniam</span> <span class='ocrx_word' id='word_1_62' title='bbox 957 815 1069 900; x_wconf 81' lang='lat' dir='ltr'>igitur,</span> <span class='ocrx_word' id='word_1_63' title='bbox 1094 815 1120 877; x_wconf 88' lang='lat' dir='ltr'>ut</span> 
     </span>
     <span class='ocr_line' id='line_1_9' title="bbox 128 900 1120 986; baseline -0.002 -20"><span class='ocrx_word' id='word_1_64' title='bbox 128 902 286 966; x_wconf 87' lang='lat' dir='ltr'>medicina</span> <span class='ocrx_word' id='word_1_65' title='bbox 326 901 534 984; x_wconf 77' lang='lat' dir='ltr'>valetudinis,</span> <span class='ocrx_word' id='word_1_66' title='bbox 574 900 792 986; x_wconf 84' lang='lat' dir='ltr'>navigationis</span> <span class='ocrx_word' id='word_1_67' title='bbox 833 903 1045 986; x_wconf 80' lang='lat' dir='ltr'>gubernatio,</span> <span class='ocrx_word' id='word_1_68' title='bbox 1086 900 1120 966; x_wconf 87' lang='lat' dir='ltr'>sic</span> 
     </span>
     <span class='ocr_line' id='line_1_10' title="bbox 127 988 1119 1076; baseline -0.002 -22"><span class='ocrx_word' id='word_1_69' title='bbox 127 991 257 1054; x_wconf 90' lang='lat' dir='ltr'>vivendi</span> <span class='ocrx_word' id='word_1_70' title='bbox 280 1011 333 1053; x_wconf 89' lang='lat' dir='ltr'>ars</span> <span class='ocrx_word' id='word_1_71' title='bbox 356 993 406 1053; x_wconf 86' lang='lat' dir='ltr'>est</span> <span class='ocrx_word' id='word_1_72' title='bbox 427 989 612 1073; x_wconf 89' lang='lat' dir='ltr'>prudentia,</span> <span class='ocrx_word' id='word_1_73' title='bbox 635 1011 767 1054; x_wconf 88' lang='lat' dir='ltr'>necesse</span> <span class='ocrx_word' id='word_1_74' title='bbox 785 993 837 1055; x_wconf 90' lang='lat' dir='ltr'>est</span> <span class='ocrx_word' id='word_1_75' title='bbox 854 1011 927 1056; x_wconf 84' lang='lat' dir='ltr'>eam</span> <span class='ocrx_word' id='word_1_76' title='bbox 950 988 1119 1076; x_wconf 81' lang='lat' dir='ltr'>quoquest</span> 
     </span>
    </p>

    <p class='ocr_par' dir='ltr' id='par_1_3' title="bbox 76 1076 1155 2304">
     <span class='ocr_line' id='line_1_11' title="bbox 76 1076 1145 1161; baseline 0 -25"><span class='ocrx_word' id='word_1_77' title='bbox 76 1091 108 1136; x_wconf 77' lang='lat'>17</span> <span class='ocrx_word' id='word_1_78' title='bbox 129 1078 238 1161; x_wconf 87' lang='lat' dir='ltr'>aliqua</span> <span class='ocrx_word' id='word_1_79' title='bbox 269 1099 303 1141; x_wconf 89' lang='lat' dir='ltr'>re</span> <span class='ocrx_word' id='word_1_80' title='bbox 335 1098 404 1142; x_wconf 87' lang='lat' dir='ltr'>csse</span> <span class='ocrx_word' id='word_1_81' title='bbox 437 1077 647 1142; x_wconf 80' lang='lat' dir='ltr'>constitutam</span> <span class='ocrx_word' id='word_1_82' title='bbox 677 1081 710 1141; x_wconf 91' lang='lat' dir='ltr'>et</span> <span class='ocrx_word' id='word_1_83' title='bbox 740 1077 932 1161; x_wconf 85' lang='lat' dir='ltr'>profectam.</span> <span class='ocrx_word' id='word_1_84' title='bbox 983 1076 1121 1146; x_wconf 77' lang='lat' dir='ltr'>Constitit</span> <span class='ocrx_word' id='word_1_85' title='bbox 1130 1099 1145 1137; x_wconf 80' lang='lat' dir='ltr'>c</span> 
     </span>
     <span class='ocr_line' id='line_1_12' title="bbox 127 1165 1122 1250; baseline 0 -22"><span class='ocrx_word' id='word_1_86' title='bbox 127 1169 235 1230; x_wconf 86' lang='lat' dir='ltr'>antem</span> <span class='ocrx_word' id='word_1_87' title='bbox 264 1165 331 1229; x_wconf 87' lang='lat' dir='ltr'>fere</span> <span class='ocrx_word' id='word_1_88' title='bbox 361 1165 448 1230; x_wconf 90' lang='lat' dir='ltr'>inter</span> <span class='ocrx_word' id='word_1_89' title='bbox 479 1186 591 1230; x_wconf 88' lang='lat' dir='ltr'>omnes</span> <span class='ocrx_word' id='word_1_90' title='bbox 626 1165 674 1249; x_wconf 89' lang='lat' dir='ltr'>id,</span> <span class='ocrx_word' id='word_1_91' title='bbox 704 1166 738 1229; x_wconf 92' lang='lat' dir='ltr'>in</span> <span class='ocrx_word' id='word_1_92' title='bbox 767 1187 831 1249; x_wconf 93' lang='lat' dir='ltr'>quo</span> <span class='ocrx_word' id='word_1_93' title='bbox 863 1167 1038 1250; x_wconf 88' lang='lat' dir='ltr'>prudentia</span> <span class='ocrx_word' id='word_1_94' title='bbox 1067 1185 1122 1231; x_wconf 87' lang='lat' dir='ltr'>ver·</span> 
     </span>
     <span class='ocr_line' id='line_1_13' title="bbox 127 1253 1121 1338; baseline 0.001 -23"><span class='ocrx_word' id='word_1_95' title='bbox 127 1256 253 1316; x_wconf 87' lang='lat' dir='ltr'>saretur</span> <span class='ocrx_word' id='word_1_96' title='bbox 282 1256 315 1316; x_wconf 91' lang='lat' dir='ltr'>et</span> <span class='ocrx_word' id='word_1_97' title='bbox 341 1253 427 1336; x_wconf 89' lang='lat' dir='ltr'>quod</span> <span class='ocrx_word' id='word_1_98' title='bbox 455 1253 582 1338; x_wconf 83' lang='lat' dir='ltr'>assequi</span> <span class='ocrx_word' id='word_1_99' title='bbox 609 1253 719 1335; x_wconf 92' lang='lat' dir='ltr'>vellet,</span> <span class='ocrx_word' id='word_1_100' title='bbox 751 1258 864 1337; x_wconf 89' lang='lat' dir='ltr'>aptum</span> <span class='ocrx_word' id='word_1_101' title='bbox 894 1258 928 1318; x_wconf 89' lang='lat' dir='ltr'>et</span> <span class='ocrx_word' id='word_1_102' title='bbox 959 1273 1121 1321; x_wconf 82' lang='lat' dir='ltr'>accommo-</span> 
     </span>
     <span class='ocr_line' id='line_1_14' title="bbox 127 1340 1161 1452; baseline -0.001 -49"><span class='ocrx_word' id='word_1_103' title='bbox 127 1340 238 1404; x_wconf 90' lang='lat' dir='ltr'>datum</span> <span class='ocrx_word' id='word_1_104' title='bbox 269 1343 405 1404; x_wconf 85' lang='lat' dir='ltr'>naturae</span> <span class='ocrx_word' id='word_1_105' title='bbox 435 1362 505 1405; x_wconf 88' lang='lat' dir='ltr'>csse</span> <span class='ocrx_word' id='word_1_106' title='bbox 533 1345 681 1424; x_wconf 87' lang='lat' dir='ltr'>oportere</span> <span class='ocrx_word' id='word_1_107' title='bbox 708 1344 742 1404; x_wconf 89' lang='lat' dir='ltr'>et</span> <span class='ocrx_word' id='word_1_108' title='bbox 766 1341 847 1426; x_wconf 88' lang='lat' dir='ltr'>talc,</span> <span class='ocrx_word' id='word_1_109' title='bbox 877 1342 956 1407; x_wconf 91' lang='lat' dir='ltr'>ut</span> <span class='ocrx_word' id='word_1_110' title='bbox 945 1364 1054 1452; x_wconf 80' lang='lat' dir='ltr'>rpsum</span> <span class='ocrx_word' id='word_1_111' title='bbox 1078 1361 1161 1448; x_wconf 87' lang='lat' dir='ltr'>per</span> 
     </span>
     <span class='ocr_line' id='line_1_15' title="bbox 127 1424 1123 1532; baseline 0.001 -41"><span class='ocrx_word' id='word_1_112' title='bbox 127 1449 161 1492; x_wconf 90' lang='lat' dir='ltr'>se</span> <span class='ocrx_word' id='word_1_113' title='bbox 183 1427 339 1493; x_wconf 91' lang='lat' dir='ltr'>invitaret</span> <span class='ocrx_word' id='word_1_114' title='bbox 361 1432 395 1493; x_wconf 92' lang='lat' dir='ltr'>et</span> <span class='ocrx_word' id='word_1_115' title='bbox 412 1429 558 1494; x_wconf 84' lang='lat' dir='ltr'>alliceret</span> <span class='ocrx_word' id='word_1_116' title='bbox 575 1430 756 1512; x_wconf 89' lang='lat' dir='ltr'>appetitum</span> <span class='ocrx_word' id='word_1_117' title='bbox 775 1429 889 1514; x_wconf 89' lang='lat' dir='ltr'>animi,</span> <span class='ocrx_word' id='word_1_118' title='bbox 912 1452 1012 1515; x_wconf 90' lang='lat' dir='ltr'>quem</span> <span class='ocrx_word' id='word_1_119' title='bbox 1030 1424 1123 1532; x_wconf 48' lang='grc' dir='ltr'><strong><em>ὁρμήν</em></strong></span> 
     </span>
     <span class='ocr_line' id='line_1_16' title="bbox 127 1515 1150 1617; baseline -0.002 -37"><span class='ocrx_word' id='word_1_120' title='bbox 127 1515 242 1581; x_wconf 84' lang='lat' dir='ltr'>Graeci</span> <span class='ocrx_word' id='word_1_121' title='bbox 265 1520 392 1581; x_wconf 89' lang='lat' dir='ltr'>vocant.</span> <span class='ocrx_word' id='word_1_122' title='bbox 428 1516 512 1617; x_wconf 77' lang='lat' dir='ltr'>Quid</span> <span class='ocrx_word' id='word_1_123' title='bbox 535 1520 644 1581; x_wconf 89' lang='lat' dir='ltr'>autem</span> <span class='ocrx_word' id='word_1_124' title='bbox 662 1518 721 1600; x_wconf 87' lang='lat' dir='ltr'>sit,</span> <span class='ocrx_word' id='word_1_125' title='bbox 743 1517 828 1601; x_wconf 91' lang='lat' dir='ltr'>quod</span> <span class='ocrx_word' id='word_1_126' title='bbox 849 1518 898 1582; x_wconf 88' lang='lat' dir='ltr'>ita</span> <span class='ocrx_word' id='word_1_127' title='bbox 920 1523 1054 1584; x_wconf 87' lang='lat' dir='ltr'>moveat</span> <span class='ocrx_word' id='word_1_128' title='bbox 1074 1519 1150 1583; x_wconf 75' lang='lat' dir='ltr'>ias</span> 
     </span>
     <span class='ocr_line' id='line_1_17' title="bbox 126 1605 1125 1689; baseline 0.001 -20"><span class='ocrx_word' id='word_1_129' title='bbox 126 1627 188 1689; x_wconf 89' lang='lat' dir='ltr'>que</span> <span class='ocrx_word' id='word_1_130' title='bbox 211 1605 405 1670; x_wconf 81' lang='lat' dir='ltr'>enatura</span> <span class='ocrx_word' id='word_1_131' title='bbox 396 1626 430 1668; x_wconf 90' lang='lat' dir='ltr'>m</span> <span class='ocrx_word' id='word_1_132' title='bbox 456 1605 562 1688; x_wconf 89' lang='lat' dir='ltr'>primo</span> <span class='ocrx_word' id='word_1_133' title='bbox 590 1607 664 1670; x_wconf 90' lang='lat' dir='ltr'>ortu</span> <span class='ocrx_word' id='word_1_134' title='bbox 691 1609 878 1689; x_wconf 85' lang='lat' dir='ltr'>appetatur,</span> <span class='ocrx_word' id='word_1_135' title='bbox 904 1627 973 1672; x_wconf 93' lang='lat' dir='ltr'>non</span> <span class='ocrx_word' id='word_1_136' title='bbox 1001 1609 1125 1686; x_wconf 84' lang='lat' dir='ltr'>constat,</span> 
     </span>
     <span class='ocr_line' id='line_1_18' title="bbox 127 1692 1125 1778; baseline 0.001 -21"><span class='ocrx_word' id='word_1_137' title='bbox 127 1693 227 1778; x_wconf 90' lang='lat' dir='ltr'>deque</span> <span class='ocrx_word' id='word_1_138' title='bbox 251 1715 289 1758; x_wconf 90' lang='lat' dir='ltr'>eo</span> <span class='ocrx_word' id='word_1_139' title='bbox 312 1696 362 1757; x_wconf 90' lang='lat' dir='ltr'>est</span> <span class='ocrx_word' id='word_1_140' title='bbox 383 1692 469 1756; x_wconf 88' lang='lat' dir='ltr'>inter</span> <span class='ocrx_word' id='word_1_141' title='bbox 491 1692 717 1776; x_wconf 87' lang='lat' dir='ltr'>philosophos,</span> <span class='ocrx_word' id='word_1_142' title='bbox 741 1715 821 1757; x_wconf 90' lang='lat' dir='ltr'>cum.</span> <span class='ocrx_word' id='word_1_143' title='bbox 834 1715 999 1760; x_wconf 89' lang='lat' dir='ltr'>summum</span> <span class='ocrx_word' id='word_1_144' title='bbox 1017 1695 1125 1760; x_wconf 85' lang='lat' dir='ltr'>bonum</span> 
     </span>
     <span class='ocr_line' id='line_1_19' title="bbox 127 1779 1125 1867; baseline -0.001 -24"><span class='ocrx_word' id='word_1_145' title='bbox 127 1781 316 1864; x_wconf 83' lang='lat' dir='ltr'>exquiritur,</span> <span class='ocrx_word' id='word_1_146' title='bbox 340 1780 446 1844; x_wconf 90' lang='lat' dir='ltr'>omnis</span> <span class='ocrx_word' id='word_1_147' title='bbox 469 1779 635 1846; x_wconf 87' lang='lat' dir='ltr'>dissensio.</span> <span class='ocrx_word' id='word_1_148' title='bbox 680 1780 794 1846; x_wconf 81' lang='lat' dir='ltr'>&#39;Potius</span> <span class='ocrx_word' id='word_1_149' title='bbox 822 1781 908 1846; x_wconf 91' lang='lat' dir='ltr'>enim</span> <span class='ocrx_word' id='word_1_150' title='bbox 936 1781 1125 1867; x_wconf 82' lang='lat' dir='ltr'>quaestionis</span> 
     </span>
     <span class='ocr_line' id='line_1_20' title="bbox 127 1867 1126 1953; baseline 0 -20"><span class='ocrx_word' id='word_1_151' title='bbox 127 1869 208 1953; x_wconf 88' lang='lat' dir='ltr'>eius,</span> <span class='ocrx_word' id='word_1_152' title='bbox 237 1890 317 1953; x_wconf 88' lang='lat' dir='ltr'>quae</span> <span class='ocrx_word' id='word_1_153' title='bbox 344 1868 483 1933; x_wconf 87' lang='lat' dir='ltr'>habetur</span> <span class='ocrx_word' id='word_1_154' title='bbox 510 1867 548 1932; x_wconf 91' lang='lat' dir='ltr'>de</span> <span class='ocrx_word' id='word_1_155' title='bbox 575 1868 695 1933; x_wconf 89' lang='lat' dir='ltr'>finibus</span> <span class='ocrx_word' id='word_1_156' title='bbox 723 1870 882 1934; x_wconf 90' lang='lat' dir='ltr'>bonorum</span> <span class='ocrx_word' id='word_1_157' title='bbox 909 1871 1126 1948; x_wconf 88' lang='lat' dir='ltr'>etmalorum,</span> 
     </span>
     <span class='ocr_line' id='line_1_21' title="bbox 127 1955 1155 2042; baseline -0.003 -22"><span class='ocrx_word' id='word_1_158' title='bbox 127 1979 199 2021; x_wconf 93' lang='lat' dir='ltr'>cum</span> <span class='ocrx_word' id='word_1_159' title='bbox 228 1956 394 2039; x_wconf 90' lang='lat' dir='ltr'>quaeritur</span> <span class='ocrx_word' id='word_1_160' title='bbox 421 1957 456 2020; x_wconf 92' lang='lat' dir='ltr'>in</span> <span class='ocrx_word' id='word_1_161' title='bbox 483 1955 548 2039; x_wconf 90' lang='lat' dir='ltr'>his,</span> <span class='ocrx_word' id='word_1_162' title='bbox 575 1956 652 2040; x_wconf 91' lang='lat' dir='ltr'>quid</span> <span class='ocrx_word' id='word_1_163' title='bbox 676 1957 719 2021; x_wconf 92' lang='lat' dir='ltr'>sit</span> <span class='ocrx_word' id='word_1_164' title='bbox 741 1960 934 2041; x_wconf 88' lang='lat' dir='ltr'>extremum,</span> <span class='ocrx_word' id='word_1_165' title='bbox 964 1959 1042 2042; x_wconf 92' lang='lat' dir='ltr'>quid</span> <span class='ocrx_word' id='word_1_166' title='bbox 1063 1957 1155 2024; x_wconf 83' lang='lat' dir='ltr'>ulti-n</span> 
     </span>
     <span class='ocr_line' id='line_1_22' title="bbox 127 2044 1127 2130; baseline 0.003 -23"><span class='ocrx_word' id='word_1_167' title='bbox 127 2065 227 2126; x_wconf 92' lang='lat' dir='ltr'>mum,</span> <span class='ocrx_word' id='word_1_168' title='bbox 250 2044 323 2108; x_wconf 89' lang='lat' dir='ltr'>fons</span> <span class='ocrx_word' id='word_1_169' title='bbox 346 2044 552 2127; x_wconf 85' lang='lat' dir='ltr'>reperiendus</span> <span class='ocrx_word' id='word_1_170' title='bbox 572 2047 634 2128; x_wconf 90' lang='lat' dir='ltr'>est,</span> <span class='ocrx_word' id='word_1_171' title='bbox 657 2045 691 2109; x_wconf 91' lang='lat' dir='ltr'>in</span> <span class='ocrx_word' id='word_1_172' title='bbox 714 2067 777 2130; x_wconf 91' lang='lat' dir='ltr'>quo</span> <span class='ocrx_word' id='word_1_173' title='bbox 802 2044 868 2110; x_wconf 86' lang='lat' dir='ltr'>sint</span> <span class='ocrx_word' id='word_1_174' title='bbox 890 2045 999 2128; x_wconf 86' lang='lat' dir='ltr'>prima</span> <span class='ocrx_word' id='word_1_175' title='bbox 1022 2046 1127 2112; x_wconf 85' lang='lat' dir='ltr'>invita·</span> 
     </span>
     <span class='ocr_line' id='line_1_23' title="bbox 126 2131 1127 2220; baseline 0.004 -26"><span class='ocrx_word' id='word_1_176' title='bbox 126 2135 237 2195; x_wconf 89' lang='lat' dir='ltr'>menta</span> <span class='ocrx_word' id='word_1_177' title='bbox 258 2135 408 2214; x_wconf 82' lang='lat' dir='ltr'>naturae3</span> <span class='ocrx_word' id='word_1_178' title='bbox 431 2153 495 2216; x_wconf 94' lang='lat' dir='ltr'>quo</span> <span class='ocrx_word' id='word_1_179' title='bbox 518 2131 650 2196; x_wconf 90' lang='lat' dir='ltr'>invento</span> <span class='ocrx_word' id='word_1_180' title='bbox 669 2133 773 2197; x_wconf 91' lang='lat' dir='ltr'>omnis</span> <span class='ocrx_word' id='word_1_181' title='bbox 793 2133 835 2197; x_wconf 92' lang='lat' dir='ltr'>ab</span> <span class='ocrx_word' id='word_1_182' title='bbox 854 2154 892 2198; x_wconf 88' lang='lat' dir='ltr'>co</span> <span class='ocrx_word' id='word_1_183' title='bbox 913 2135 1009 2217; x_wconf 84' lang='lat' dir='ltr'>quasi</span> <span class='ocrx_word' id='word_1_184' title='bbox 1033 2135 1127 2220; x_wconf 83' lang='lat' dir='ltr'>capite</span> 
     </span>
     <span class='ocr_line' id='line_1_24' title="bbox 126 2219 952 2304; baseline 0 -20"><span class='ocrx_word' id='word_1_185' title='bbox 126 2221 164 2284; x_wconf 87' lang='lat' dir='ltr'>de</span> <span class='ocrx_word' id='word_1_186' title='bbox 189 2241 313 2284; x_wconf 89' lang='lat' dir='ltr'>summo</span> <span class='ocrx_word' id='word_1_187' title='bbox 337 2219 423 2283; x_wconf 92' lang='lat' dir='ltr'>bono</span> <span class='ocrx_word' id='word_1_188' title='bbox 447 2222 480 2283; x_wconf 89' lang='lat' dir='ltr'>et</span> <span class='ocrx_word' id='word_1_189' title='bbox 502 2220 590 2284; x_wconf 90' lang='lat' dir='ltr'>malo</span> <span class='ocrx_word' id='word_1_190' title='bbox 613 2220 791 2304; x_wconf 88' lang='lat' dir='ltr'>disputatio</span> <span class='ocrx_word' id='word_1_191' title='bbox 815 2220 952 2286; x_wconf 81' lang='lat' dir='ltr'>ducitur.</span> 
     </span>
    </p>

    <p class='ocr_par' dir='ltr' id='par_1_4' title="bbox 88 2306 1147 2567">
     <span class='ocr_line' id='line_1_25' title="bbox 88 2306 1127 2396; baseline 0.002 -24"><span class='ocrx_word' id='word_1_192' title='bbox 88 2311 105 2372; x_wconf 80' lang='lat' dir='ltr'>l</span> <span class='ocrx_word' id='word_1_193' title='bbox 192 2306 380 2390; x_wconf 87' lang='lat' dir='ltr'>Voluptatis</span> <span class='ocrx_word' id='word_1_194' title='bbox 408 2306 464 2371; x_wconf 90' lang='lat' dir='ltr'>alii</span> <span class='ocrx_word' id='word_1_195' title='bbox 491 2307 632 2390; x_wconf 89' lang='lat' dir='ltr'>primum</span> <span class='ocrx_word' id='word_1_196' title='bbox 660 2309 840 2392; x_wconf 89' lang='lat' dir='ltr'>appetitum</span> <span class='ocrx_word' id='word_1_197' title='bbox 867 2312 987 2391; x_wconf 82' lang='lat' dir='ltr'>putant</span> <span class='ocrx_word' id='word_1_198' title='bbox 1010 2315 1045 2377; x_wconf 90' lang='lat' dir='ltr'>et</span> <span class='ocrx_word' id='word_1_199' title='bbox 1073 2309 1127 2396; x_wconf 89' lang='lat' dir='ltr'>pri-</span> 
     </span>
     <span class='ocr_line' id='line_1_26' title="bbox 124 2394 1157 2479; baseline 0.002 -20"><span class='ocrx_word' id='word_1_200' title='bbox 124 2417 211 2459; x_wconf 87' lang='lat' dir='ltr'>mam</span> <span class='ocrx_word' id='word_1_201' title='bbox 252 2395 473 2479; x_wconf 88' lang='lat' dir='ltr'>depulsionem</span> <span class='ocrx_word' id='word_1_202' title='bbox 511 2394 642 2478; x_wconf 74' lang='lat' dir='ltr'>doloris,</span> <span class='ocrx_word' id='word_1_203' title='bbox 683 2397 877 2462; x_wconf 87' lang='lat' dir='ltr'>vacuitatem</span> <span class='ocrx_word' id='word_1_204' title='bbox 918 2397 1045 2464; x_wconf 90' lang='lat' dir='ltr'>doloris</span> <span class='ocrx_word' id='word_1_205' title='bbox 1080 2396 1157 2464; x_wconf 76' lang='lat' dir='ltr'>aliia</span> 
     </span>
     <span class='ocr_line' id='line_1_27' title="bbox 127 2482 1127 2585; baseline 0.003 -39"><span class='ocrx_word' id='word_1_206' title='bbox 127 2487 260 2547; x_wconf 89' lang='lat' dir='ltr'>censent</span> <span class='ocrx_word' id='word_1_207' title='bbox 290 2482 432 2584; x_wconf 83' lang='lat' dir='ltr'>primunr</span> <span class='ocrx_word' id='word_1_208' title='bbox 460 2484 596 2547; x_wconf 86' lang='lat' dir='ltr'>ascitam</span> <span class='ocrx_word' id='word_1_209' title='bbox 628 2487 662 2548; x_wconf 93' lang='lat' dir='ltr'>et</span> <span class='ocrx_word' id='word_1_210' title='bbox 685 2485 828 2585; x_wconf 84' lang='lat' dir='ltr'>primum</span> <span class='ocrx_word' id='word_1_211' title='bbox 855 2483 1054 2551; x_wconf 85' lang='lat' dir='ltr'>declinatum</span> <span class='ocrx_word' id='word_1_212' title='bbox 1082 2485 1127 2549; x_wconf 91' lang='lat' dir='ltr'>do·</span> 
     </span>
    </p>

    <p class='ocr_par' dir='ltr' id='par_1_5' title="bbox 74 2570 1163 3534">
     <span class='ocr_line' id='line_1_28' title="bbox 74 2570 1129 2655; baseline 0.002 -18"><span class='ocrx_word' id='word_1_213' title='bbox 74 2593 106 2639; x_wconf 84' lang='lat'>18</span> <span class='ocrx_word' id='word_1_214' title='bbox 126 2572 242 2653; x_wconf 81' lang='lat' dir='ltr'>lorem3</span> <span class='ocrx_word' id='word_1_215' title='bbox 276 2571 359 2635; x_wconf 88' lang='lat' dir='ltr'>ab</span> <span class='ocrx_word' id='word_1_216' title='bbox 349 2571 391 2634; x_wconf 81' lang='lat' dir='ltr'>ris</span> <span class='ocrx_word' id='word_1_217' title='bbox 424 2570 494 2654; x_wconf 90' lang='lat' dir='ltr'>alii,</span> <span class='ocrx_word' id='word_1_218' title='bbox 530 2593 612 2654; x_wconf 88' lang='lat' dir='ltr'>quae</span> <span class='ocrx_word' id='word_1_219' title='bbox 643 2573 749 2655; x_wconf 90' lang='lat' dir='ltr'>prima</span> <span class='ocrx_word' id='word_1_220' title='bbox 780 2572 952 2636; x_wconf 87' lang='lat' dir='ltr'>secundum</span> <span class='ocrx_word' id='word_1_221' title='bbox 984 2579 1129 2639; x_wconf 85' lang='lat' dir='ltr'>naturam</span> 
     </span>
     <span class='ocr_line' id='line_1_29' title="bbox 125 2658 1129 2744; baseline 0.004 -23"><span class='ocrx_word' id='word_1_222' title='bbox 125 2660 306 2741; x_wconf 90' lang='lat' dir='ltr'>nominant,</span> <span class='ocrx_word' id='word_1_223' title='bbox 334 2658 596 2743; x_wconf 89' lang='lat' dir='ltr'>proficiscuntur,</span> <span class='ocrx_word' id='word_1_224' title='bbox 622 2659 659 2723; x_wconf 88' lang='lat' dir='ltr'>in</span> <span class='ocrx_word' id='word_1_225' title='bbox 682 2660 797 2744; x_wconf 89' lang='lat' dir='ltr'>quibus</span> <span class='ocrx_word' id='word_1_226' title='bbox 820 2664 994 2726; x_wconf 89' lang='lat' dir='ltr'>numerant</span> <span class='ocrx_word' id='word_1_227' title='bbox 1012 2662 1129 2728; x_wconf 89' lang='lat' dir='ltr'>incolu-</span> 
     </span>
     <span class='ocr_line' id='line_1_30' title="bbox 126 2747 1128 2832; baseline 0.002 -22"><span class='ocrx_word' id='word_1_228' title='bbox 126 2747 271 2811; x_wconf 89' lang='lat' dir='ltr'>mitatem</span> <span class='ocrx_word' id='word_1_229' title='bbox 295 2747 634 2830; x_wconf 85' lang='lat' dir='ltr'>conservationemque</span> <span class='ocrx_word' id='word_1_230' title='bbox 658 2748 802 2812; x_wconf 90' lang='lat' dir='ltr'>omnium</span> <span class='ocrx_word' id='word_1_231' title='bbox 824 2748 981 2832; x_wconf 87' lang='lat' dir='ltr'>partium,</span> <span class='ocrx_word' id='word_1_232' title='bbox 1012 2751 1128 2815; x_wconf 89' lang='lat' dir='ltr'>valetu-</span> 
     </span>
     <span class='ocr_line' id='line_1_31' title="bbox 126 2834 1160 2920; baseline 0 -23"><span class='ocrx_word' id='word_1_233' title='bbox 126 2834 247 2916; x_wconf 87' lang='lat' dir='ltr'>dinem,</span> <span class='ocrx_word' id='word_1_234' title='bbox 283 2856 395 2898; x_wconf 89' lang='lat' dir='ltr'>scnsus</span> <span class='ocrx_word' id='word_1_235' title='bbox 432 2834 591 2919; x_wconf 80' lang='lat' dir='ltr'>integros,</span> <span class='ocrx_word' id='word_1_236' title='bbox 633 2835 752 2901; x_wconf 90' lang='lat' dir='ltr'>doloris</span> <span class='ocrx_word' id='word_1_237' title='bbox 793 2836 1007 2920; x_wconf 83' lang='lat' dir='ltr'>vacuitatem,</span> <span class='ocrx_word' id='word_1_238' title='bbox 1049 2837 1160 2917; x_wconf 62' lang='lat' dir='ltr'>vinem</span> 
     </span>
     <span class='ocr_line' id='line_1_32' title="bbox 125 2920 1129 3007; baseline 0.001 -22"><span class='ocrx_word' id='word_1_239' title='bbox 125 2920 411 3005; x_wconf 89' lang='lat' dir='ltr'>pulchritudinem,</span> <span class='ocrx_word' id='word_1_240' title='bbox 434 2927 541 2987; x_wconf 86' lang='lat' dir='ltr'>cetera</span> <span class='ocrx_word' id='word_1_241' title='bbox 559 2923 686 3006; x_wconf 80' lang='lat' dir='ltr'>generis</span> <span class='ocrx_word' id='word_1_242' title='bbox 706 2924 862 3006; x_wconf 91' lang='lat' dir='ltr'>eiusdem,</span> <span class='ocrx_word' id='word_1_243' title='bbox 884 2945 1024 3007; x_wconf 89' lang='lat' dir='ltr'>quorum</span> <span class='ocrx_word' id='word_1_244' title='bbox 1048 2924 1129 2990; x_wconf 89' lang='lat' dir='ltr'>simi-</span> 
     </span>
     <span class='ocr_line' id='line_1_33' title="bbox 125 3009 1131 3097; baseline 0.002 -25"><span class='ocrx_word' id='word_1_245' title='bbox 125 3010 169 3072; x_wconf 88' lang='lat' dir='ltr'>lia</span> <span class='ocrx_word' id='word_1_246' title='bbox 196 3013 272 3073; x_wconf 89' lang='lat' dir='ltr'>sunt</span> <span class='ocrx_word' id='word_1_247' title='bbox 297 3011 403 3093; x_wconf 91' lang='lat' dir='ltr'>prima</span> <span class='ocrx_word' id='word_1_248' title='bbox 429 3009 465 3074; x_wconf 91' lang='lat' dir='ltr'>in</span> <span class='ocrx_word' id='word_1_249' title='bbox 494 3011 609 3075; x_wconf 88' lang='lat' dir='ltr'>animis</span> <span class='ocrx_word' id='word_1_250' title='bbox 638 3011 730 3095; x_wconf 89' lang='lat' dir='ltr'>quasi</span> <span class='ocrx_word' id='word_1_251' title='bbox 757 3011 914 3075; x_wconf 88' lang='lat' dir='ltr'>virtutum</span> <span class='ocrx_word' id='word_1_252' title='bbox 942 3011 1080 3097; x_wconf 81' lang='lat' dir='ltr'>igniculi</span> <span class='ocrx_word' id='word_1_253' title='bbox 1102 3015 1131 3075; x_wconf 90' lang='lat' dir='ltr'>et</span> 
     </span>
     <span class='ocr_line' id='line_1_34' title="bbox 126 3097 1130 3184; baseline 0.004 -24"><span class='ocrx_word' id='word_1_254' title='bbox 126 3098 256 3161; x_wconf 86' lang='lat' dir='ltr'>semina.</span> <span class='ocrx_word' id='word_1_255' title='bbox 310 3098 361 3162; x_wconf 84' lang='lat' dir='ltr'>Ex</span> <span class='ocrx_word' id='word_1_256' title='bbox 392 3097 443 3161; x_wconf 91' lang='lat' dir='ltr'>his</span> <span class='ocrx_word' id='word_1_257' title='bbox 474 3098 579 3161; x_wconf 89' lang='lat' dir='ltr'>tribus</span> <span class='ocrx_word' id='word_1_258' title='bbox 606 3119 679 3162; x_wconf 88' lang='lat' dir='ltr'>cum</span> <span class='ocrx_word' id='word_1_259' title='bbox 707 3120 806 3162; x_wconf 91' lang='lat' dir='ltr'>unum</span> <span class='ocrx_word' id='word_1_260' title='bbox 834 3097 956 3183; x_wconf 88' lang='lat' dir='ltr'>aliquid</span> <span class='ocrx_word' id='word_1_261' title='bbox 984 3100 1042 3184; x_wconf 91' lang='lat' dir='ltr'>sit,</span> <span class='ocrx_word' id='word_1_262' title='bbox 1072 3121 1130 3184; x_wconf 90' lang='lat' dir='ltr'>quo</span> 
     </span>
     <span class='ocr_line' id='line_1_35' title="bbox 125 3185 1131 3269; baseline 0.002 -19"><span class='ocrx_word' id='word_1_263' title='bbox 125 3186 264 3267; x_wconf 88' lang='lat' dir='ltr'>primum</span> <span class='ocrx_word' id='word_1_264' title='bbox 290 3189 408 3250; x_wconf 88' lang='lat' dir='ltr'>natura</span> <span class='ocrx_word' id='word_1_265' title='bbox 434 3190 601 3249; x_wconf 89' lang='lat' dir='ltr'>moveatur</span> <span class='ocrx_word' id='word_1_266' title='bbox 627 3186 680 3251; x_wconf 93' lang='lat' dir='ltr'>vel</span> <span class='ocrx_word' id='word_1_267' title='bbox 708 3185 748 3250; x_wconf 89' lang='lat' dir='ltr'>ad</span> <span class='ocrx_word' id='word_1_268' title='bbox 779 3186 996 3269; x_wconf 89' lang='lat' dir='ltr'>appetendum</span> <span class='ocrx_word' id='word_1_269' title='bbox 1020 3189 1072 3253; x_wconf 88' lang='lat' dir='ltr'>vel</span> <span class='ocrx_word' id='word_1_270' title='bbox 1094 3185 1131 3252; x_wconf 85' lang='lat' dir='ltr'>ad</span> 
     </span>
     <span class='ocr_line' id='line_1_36' title="bbox 124 3272 1163 3357; baseline 0 -21"><span class='ocrx_word' id='word_1_271' title='bbox 124 3273 357 3357; x_wconf 89' lang='lat' dir='ltr'>repellendum,</span> <span class='ocrx_word' id='word_1_272' title='bbox 386 3293 445 3335; x_wconf 91' lang='lat' dir='ltr'>nec</span> <span class='ocrx_word' id='word_1_273' title='bbox 472 3272 641 3356; x_wconf 91' lang='lat' dir='ltr'>quicquam</span> <span class='ocrx_word' id='word_1_274' title='bbox 665 3274 795 3338; x_wconf 91' lang='lat' dir='ltr'>omnino</span> <span class='ocrx_word' id='word_1_275' title='bbox 817 3276 946 3356; x_wconf 89' lang='lat' dir='ltr'>praeter</span> <span class='ocrx_word' id='word_1_276' title='bbox 967 3274 1050 3339; x_wconf 85' lang='lat' dir='ltr'>haec</span> <span class='ocrx_word' id='word_1_277' title='bbox 1070 3275 1163 3339; x_wconf 76' lang='lat' dir='ltr'>trias</span> 
     </span>
     <span class='ocr_line' id='line_1_37' title="bbox 124 3360 1132 3447; baseline 0.002 -23"><span class='ocrx_word' id='word_1_278' title='bbox 124 3360 229 3443; x_wconf 89' lang='lat' dir='ltr'>possit</span> <span class='ocrx_word' id='word_1_279' title='bbox 252 3381 336 3440; x_wconf 89' lang='lat' dir='ltr'>esse,</span> <span class='ocrx_word' id='word_1_280' title='bbox 359 3380 490 3424; x_wconf 87' lang='lat' dir='ltr'>necesse</span> <span class='ocrx_word' id='word_1_281' title='bbox 513 3364 563 3423; x_wconf 90' lang='lat' dir='ltr'>cst</span> <span class='ocrx_word' id='word_1_282' title='bbox 586 3361 715 3426; x_wconf 90' lang='lat' dir='ltr'>omnino</span> <span class='ocrx_word' id='word_1_283' title='bbox 741 3360 886 3426; x_wconf 88' lang='lat' dir='ltr'>officium</span> <span class='ocrx_word' id='word_1_284' title='bbox 908 3366 966 3426; x_wconf 87' lang='lat' dir='ltr'>aut</span> <span class='ocrx_word' id='word_1_285' title='bbox 987 3361 1132 3447; x_wconf 81' lang='lat' dir='ltr'>fugiendi</span> 
     </span>
     <span class='ocr_line' id='line_1_38' title="bbox 121 3447 1131 3534; baseline 0.002 -22"><span class='ocrx_word' id='word_1_286' title='bbox 121 3452 181 3512; x_wconf 83' lang='lat' dir='ltr'>aut</span> <span class='ocrx_word' id='word_1_287' title='bbox 212 3447 366 3534; x_wconf 86' lang='lat' dir='ltr'>sequendi</span> <span class='ocrx_word' id='word_1_288' title='bbox 399 3447 439 3513; x_wconf 83' lang='lat' dir='ltr'>ad</span> <span class='ocrx_word' id='word_1_289' title='bbox 467 3469 576 3511; x_wconf 89' lang='lat' dir='ltr'>eorum</span> <span class='ocrx_word' id='word_1_290' title='bbox 605 3447 727 3532; x_wconf 89' lang='lat' dir='ltr'>aliquid</span> <span class='ocrx_word' id='word_1_291' title='bbox 753 3449 881 3533; x_wconf 89' lang='lat' dir='ltr'>referri,</span> <span class='ocrx_word' id='word_1_292' title='bbox 908 3452 946 3513; x_wconf 90' lang='lat' dir='ltr'>ut</span> <span class='ocrx_word' id='word_1_293' title='bbox 972 3449 1031 3514; x_wconf 86' lang='lat' dir='ltr'>illa</span> <span class='ocrx_word' id='word_1_294' title='bbox 1060 3472 1131 3534; x_wconf 89' lang='lat' dir='ltr'>pru·</span> 
     </span>
    </p>
   </div>
   <div class='ocr_carea' id='block_1_3' title="bbox 0 0 1178 3876">
    <p class='ocr_par' dir='ltr' id='par_1_6' title="bbox 0 0 1178 3876">
     <span class='ocr_line' id='line_1_39' title="bbox 0 0 1178 3876; baseline 0 0"><span class='ocrx_word' id='word_1_295' title='bbox 0 0 1178 3876; x_wconf 95' lang='lat' dir='ltr'> </span> 
     </span>
    </p>
   </div>
  </div>
 </body>
</html>
