2346 3876
118 170 161 234 72
373 168 666 226 ACADEMICORUM
684 169 850 226 PRIORUM

115 332 169 397 his
191 333 251 398 illa
273 333 367 397 initia
389 333 706 417 mathematicorum,
735 333 852 417 quibus
873 354 940 398 non
963 334 1120 399 concessis

117 421 256 506 digitum
278 421 430 507 progredi
452 443 519 486 non
540 426 691 505 possunt,
719 425 903 504 punctum
926 442 1011 506 esse,
1040 419 1120 507 quod

117 510 371 594 magnitudinem
385 509 508 574 nullam
525 509 654 594 habeat,
677 510 962 574 extremitatem
981 512 1015 574 et
1033 509 1120 595 quasi

116 598 359 681 libramentum,
399 599 434 662 in
469 619 532 683 quo
569 597 661 663 nulla
698 597 829 663 omnino
861 597 1042 663 crassitudo
1074 598 1123 680 sit,

118 686 386 752 liniamentum
410 687 628 769 longitudinem
646 684 816 750 latitudine
835 689 1006 752 carentem.
1036 683 1145 751 Haece

118 797 190 840 curn
218 797 294 840 vcra
321 796 392 840 esse
421 795 621 858 concessero,
653 775 681 839 si
712 774 840 858 adigam
871 774 921 838 ius
953 773 1123 839 iurandum

118 864 308 946 sapientem,
329 884 389 928 nec
406 862 507 946 prius,
530 884 627 947 quarn
642 861 850 927 Archimedes
865 883 901 927 eo
923 862 1124 946 inspectante

116 951 260 1016 rationes
279 972 390 1016 omnes
408 950 614 1034 descripserit
632 972 696 1034 eas,
719 951 835 1034 quibus
855 950 995 1015 efficitur
1014 949 1122 1015 multis

116 1040 266 1124 partibus
285 1040 388 1104 solem
406 1039 563 1103 maiorem
577 1060 646 1103 esse
670 1061 768 1124 quam
790 1041 922 1122 terram,
943 1038 1123 1103 iuraturum

118 1127 237 1210 putas?
283 1125 319 1192 Si
340 1127 466 1210 fecerit,
498 1127 600 1192 solem
628 1128 748 1210 ipsum,
781 1147 877 1211 quern
899 1125 995 1191 deum
1018 1129 1156 1192 sensero

66 1228 117 1276 117
142 1237 221 1299 esse,
262 1215 500 1298 contempserit.
548 1214 670 1291 Quodsi
706 1215 911 1300 geometricis
941 1215 1123 1280 rationibus

117 1326 184 1369 non
203 1306 253 1368 est
270 1302 459 1386 crediturus,
482 1324 564 1387 quae
578 1303 645 1368 vim
668 1302 818 1368 adferunt
839 1305 874 1367 in
896 1303 1052 1384 docendo,
1069 1324 1124 1367 ros

117 1391 182 1474 ipsi
195 1396 231 1456 ut
246 1390 364 1476 dicitis,
386 1413 428 1456 ne
446 1391 502 1456 ille
520 1393 616 1476 longe
631 1391 737 1456 aberit
749 1394 787 1455 ut
803 1392 1001 1476 argumentis
1017 1391 1126 1456 credat

117 1479 395 1564 philosophorum,
418 1482 483 1562 aut,
507 1480 534 1543 si
559 1484 608 1544 est
626 1479 814 1564 crediturus,
837 1501 975 1564 quorum
996 1479 1125 1564 potissi·

119 1568 229 1632 mum?
262 1568 372 1633 omnia
399 1568 486 1633 enim
516 1567 727 1652 physicorum
758 1567 836 1631 licet
865 1569 1040 1653 explicare3
1071 1565 1157 1632 sedo

118 1657 252 1742 longum
271 1660 334 1741 est3
357 1679 477 1742 quaero
494 1661 613 1738 tamen,
636 1677 731 1740 quern
750 1659 912 1739 sequatur.
948 1655 1053 1741 Finge
1072 1655 1127 1721 ali·

118 1767 214 1830 quem
236 1766 320 1809 nunc
349 1745 419 1810 fieri
442 1745 636 1828 sapientem,
665 1743 810 1808 nondum
834 1765 919 1821 esse3
946 1766 1045 1830 quarn
1071 1765 1126 1828 po·

117 1833 280 1897 tissimum
294 1833 488 1897 sententiam
502 1832 602 1917 eliget
615 1835 649 1896 et
663 1832 890 1916 disciplinam?
912 1832 997 1917 Etsi,
1015 1853 1125 1918 quam·

117 1942 251 2005 cumque
266 1921 373 2005 eliget,
395 1920 553 2005 insipiens
568 1919 675 2005 eliget.
712 1917 774 1985 Sed
798 1922 841 1985 sit
862 1921 994 2004 ingenio
1009 1921 1126 2003 diuino,

51 2066 53 2070 ,
118 2031 214 2094 quem
230 2030 329 2073 unum
348 2029 365 2072 e
384 2008 528 2092 physicis
551 2008 758 2092 potissimum
779 2008 953 2091 probabit?
976 2030 1037 2074 nec
1054 2009 1160 2093 plusu

117 2119 182 2162 uno
220 2096 349 2180 poterit.
401 2095 479 2161 Non
513 2118 689 2181 persequor
724 2097 929 2181 quaestiones
966 2098 1125 2181 infinitas3

117 2189 246 2250 tantum
269 2183 307 2248 de
329 2184 497 2268 principiis
520 2205 638 2267 rerum,
661 2206 678 2248 e
698 2185 814 2268 quibus
834 2186 943 2251 omnia
966 2190 1133 2271 constant,-

118 2272 293 2356 vidcamus,
316 2294 410 2358 quem
432 2273 561 2357 probet3
585 2278 635 2337 est
654 2274 741 2337 enim
764 2274 849 2338 inter
866 2294 1002 2359 magnos
1025 2275 1126 2340 horni-

66 2428 73 2444 ,
117 2382 175 2428 nes
199 2383 325 2426 summa
348 2360 519 2426 dissensio.

64 2423 107 2488 37
184 2449 339 2533 Princeps
375 2449 508 2528 Thales,
544 2471 626 2514 unus
661 2471 679 2514 e
713 2454 851 2534 septem,
882 2451 935 2515 oui
967 2472 1023 2517 sex
1055 2452 1161 2517 reli-a

67 2513 117 2564 ¹¹⁸
141 2559 219 2622 quos
247 2538 442 2603 concessisse
471 2537 593 2621 primas
616 2537 739 2621 ferunt,
773 2560 811 2602 ex
834 2560 918 2623 aqua
941 2538 1024 2604 dixit
1056 2561 1127 2606 eon·

119 2630 205 2692 stare
233 2627 351 2691 omnia.
396 2625 442 2689 At
467 2625 530 2690 hoc
552 2625 809 2709 Anaximandro,
840 2627 991 2710 populari
1021 2631 1055 2692 et
1078 2650 1127 2694 so·

118 2715 183 2779 dali
207 2737 279 2798 suo,
305 2735 372 2779 non
399 2713 574 2797 persuasit3
601 2715 641 2778 is
658 2715 743 2778 enim
770 2715 965 2779 infinitatem
991 2719 1127 2782 naturae

118 2801 200 2867 dixit
227 2823 310 2884 esse,
337 2822 354 2863 e
383 2822 446 2884 qua
473 2800 582 2865 omnia
612 2802 835 2888 gignerentur3
866 2807 942 2887 post
971 2804 1040 2869 eius
1074 2827 1128 2870 au·

118 2890 204 2954 ditor
236 2889 450 2954 Anaximenes
482 2889 646 2954 infinitum
679 2894 765 2968 atra,
803 2890 858 2956 sed
890 2912 941 2975 ea,
975 2915 1058 2978 quae
1090 2909 1164 2958 exso

119 2999 157 3043 eo
189 2980 368 3062 orerentur,
400 2976 544 3060 definita;
576 2978 668 3064 gigni
698 2982 807 3043 autem
835 2983 970 3058 terram,
1002 3004 1130 3067 aquam,

118 3068 242 3152 ignem,
269 3068 339 3129 turn
363 3087 402 3129 ex
424 3065 475 3130 his
500 3067 622 3150 omnia;
651 3065 864 3152 Anaxagoras
889 3069 1059 3134 materiam
1082 3072 1128 3136 in·

118 3156 254 3238 finitam,
277 3153 333 3218 sed
351 3175 441 3219 ex-ea
459 3155 643 3238 particulas,
667 3155 788 3219 similes
806 3156 891 3220 inter
905 3178 949 3241 se,
972 3157 1128 3243 minutes3

120 3265 174 3308 eas
207 3242 347 3327 primum
379 3243 545 3326 confusas,
580 3246 696 3325 postea
727 3243 762 3307 in
794 3243 939 3309 ordinem
972 3245 1128 3311 adductas

119 3335 228 3396 mente
266 3331 388 3413 divina;
425 3329 657 3415 Xenophanes,
693 3331 790 3414 paulo
823 3333 922 3398 etiam
958 3335 1166 3420 antiquiora

119 3441 220 3485 unum
243 3441 313 3485 esse
337 3419 454 3502 omnia,
483 3439 587 3502 neque
609 3419 643 3483 id
666 3441 736 3484 esse
759 3421 925 3505 mutabile,
948 3425 981 3487 et
1001 3421 1037 3487 id
1060 3444 1129 3488 esse

112 3506 210 3572 deum
230 3529 341 3592 neque
360 3509 477 3573 natum
500 3528 655 3592 umquam
673 3511 705 3574 et
733 3509 975 3594 sempiternum,
998 3513 1129 3597 conglo-
