2356 3870
105 149 166 214 138
266 149 314 202 on
333 147 477 203 nmmos
495 146 741 203 concauam
760 147 944 204 armorum
971 124 976 133 '

103 313 130 376 si
158 312 373 395 perspexerit,
400 272 517 376 111111ο
534 311 618 375 inter
645 333 698 375 cas
725 313 937 377 verborumne
965 313 1009 375 sit
1039 335 1108 377 con-

74 401 267 487 ,troversia

169 487 273 552 Huius
297 510 313 552 e
338 510 459 553 onunc
477 488 702 553 auctoritatem
721 510 755 551 se
778 510 858 552 uens
881 489 967 553 idem
984 490 1108 554 faciam.

50 543 84 591 3⁹
104 576 265 652 Quantum
285 509 369 640 engim
388 580 511 660 potero,
529 576 672 640 minuam
691 510 912 641 contentiones
937 599 1107 662 omnesque

102 665 277 729 sententias
314 665 476 747 simplices
511 686 635 744 eorum,
676 664 710 727 in
746 664 861 748 quibus
897 666 990 730 nulla
1027 667 1129 730 inests

101 754 229 817 virtutis
256 752 431 836 adiunctio,
460 752 590 816 omnino
619 775 637 815 a
665 752 871 836 philosophia
898 754 1107 818 semovendas

101 841 238 924 putabo,
264 842 405 924 primum
432 840 590 923 Aristippi
618 838 928 925 Cyrenaicorumque
957 843 1108 925 omnium,

102 951 181 1013 quos
208 950 274 992 non
302 932 352 992 est
378 929 517 992 veritum
539 930 573 992 in
596 950 635 992 ea
655 929 834 1012 voluptate,
862 951 943 1012 quae
970 931 1107 996 maxime

101 1017 265 1081 dulcedine
298 1039 426 1081 sensum
458 1019 614 1099 moveret,
647 1038 807 1080 summum
838 1017 959 1081 bonum
992 1039 1107 1100 ponere

48 1125 82 1172 40
101 1106 339 1169 contemnentis
366 1105 463 1169 istam
490 1105 686 1169 vacuitatem
714 1104 843 1169 doloris.
893 1104 938 1168 Hi
965 1127 1033 1171 non
1063 1107 1129 1171 111-1

102 1193 231 1276 derunt,
253 1196 291 1256 ut
313 1193 352 1257 ad
376 1215 504 1257 cursum
527 1214 656 1277 equum,
680 1193 719 1256 ad
738 1192 893 1258 arandum
915 1194 1048 1277 bovem,
1071 1194 1108 1258 ad

101 1280 320 1366 indagandum
343 1303 469 1363 canem,
492 1281 537 1345 sic
559 1281 723 1345 hominem
747 1281 788 1344 ad
811 1281 889 1345 duas
912 1303 978 1366 ras,
1006 1287 1044 1346 ut
1063 1283 1109 1360 ,ait

101 1369 309 1452 Aristotelen,
333 1369 372 1432 ad
391 1368 644 1453 intellegendum
662 1372 695 1433 et
713 1369 885 1452 agendum,
909 1391 979 1434 esse
998 1374 1107 1435 natum

101 1458 193 1541 quasi
219 1458 389 1522 mortalem
417 1457 525 1538 deum,
554 1461 728 1540 contraque
751 1461 788 1520 ut
815 1457 942 1521 tardam
968 1459 1106 1543 aliquam

101 1549 135 1609 et
160 1546 348 1630 languidam
374 1545 528 1628 pecudem
556 1545 595 1609 ad
624 1548 753 1629 pastum
785 1548 818 1609 et
850 1545 891 1609 ad
921 1546 1131 1629 procreandis

101 1634 301 1718 voluptatem
323 1634 386 1698 hoc
409 1633 552 1697 divinum
577 1633 696 1696 animal
715 1636 822 1697 ortum
844 1655 913 1698 esse
932 1634 1106 1718 voluerunt,

46 1741 79 1788 41
101 1745 163 1806 quo
187 1723 269 1786 nihil
293 1721 373 1785 mihi
396 1721 523 1785 videtur
545 1720 724 1785 absurdius.
764 1719 871 1804 Atque
894 1721 975 1785 haec
999 1728 1105 1788 contra

100 1811 318 1894 Aristippum,
342 1810 396 1894 qui
420 1831 490 1873 eam
512 1809 711 1891 voluptatem
733 1830 799 1873 non
821 1809 918 1874 modo
943 1832 1104 1892 summam,

101 1898 156 1962 sed
175 1900 279 1964 solam
297 1898 397 1962 etiam
419 1897 520 1981 ducit,
544 1919 640 1981 quam
660 1918 770 1961 omnes
789 1919 886 1961 unam
908 1900 1103 1981 appellamus

99 1987 308 2070 voluptatem.
358 1986 464 2050 Aliter
487 1989 594 2050 autem
616 1985 708 2049 vobis
731 1986 846 2068 placet.
892 1983 954 2049 Sed
978 1987 1045 2069 ille,
1071 1989 1129 2051 uto

100 2075 179 2156 dixi,
215 2074 338 2138 vitiose.
397 2073 466 2139 Nec
503 2073 588 2137 enim
623 2073 727 2157 figura
758 2074 903 2157 corporis
936 2095 997 2138 nec
1025 2073 1100 2138 ratio

101 2163 259 2227 excellens
282 2162 402 2246 ingenii
424 2161 557 2225 humani
582 2161 744 2246 significat
762 2161 802 2225 ad
821 2184 919 2226 unam
938 2162 1023 2228 hanc
1040 2183 1100 2227 rem

99 2252 213 2314 natum
236 2251 413 2334 hominem,
435 2253 473 2314 ut
494 2249 654 2314 frueretur
676 2250 904 2333 voluptatibus
941 2250 1011 2316 Nec
1033 2270 1099 2314 vero

99 2339 274 2403 audiendus
292 2338 531 2422 Hieronymus,
547 2338 598 2400 cui
617 2359 778 2401 summum
798 2339 919 2402 bonum
944 2343 995 2403 est
1016 2339 1100 2418 idem,

98 2427 185 2510 quod
211 2449 268 2491 vos
296 2427 456 2491 interdum
484 2427 534 2489 vel
564 2426 672 2508 potius
700 2426 836 2489 nimium
865 2448 961 2510 saepe
995 2425 1127 2507 diuinae

99 2515 181 2579 nihil
204 2515 320 2580 dolere.
364 2513 441 2579 Non
464 2514 563 2596 enim,
592 2514 620 2576 si
642 2514 764 2577 malum
792 2519 842 2578 111
868 2515 974 2598 dolor,
1003 2533 1099 2580 carcre

100 2623 137 2667 eo
170 2603 255 2668 malo
289 2605 368 2667 satis
397 2606 446 2666 est
474 2602 514 2665 ad
545 2603 626 2666 bene
655 2602 835 2667 vivendum.
889 2601 962 2668 Hoc
995 2601 1101 2667 dixerit

97 2692 206 2774 potius
228 2691 368 2756 Ennius:

164 2813 332 2879 Nimium
355 2814 446 2878 boni
470 2817 540 2897 est,
565 2814 624 2878 cui
647 2813 747 2878 nihil
772 2817 830 2878 111
845 2864 851 2877 .
868 2864 874 2876 .
889 2865 896 2878 .
912 2863 918 2876 .
933 2814 1033 2879 mali.

98 2953 167 3018 Nos
190 2955 320 3018 beatam
338 2954 439 3018 vitam
458 2977 524 3019 non
543 2954 730 3038 depulsione
750 2955 840 3038 mali,
863 2954 920 3019 sed
938 2955 1130 3040 adeptioneu

99 3041 176 3106 boni
205 3042 395 3125 iudicemus,
423 3064 482 3106 nec
510 3065 581 3106 1111
609 3043 776 3126 cessando,
808 3043 875 3107 sive
905 3043 1103 3126 gaudentem,

100 3133 136 3192 ut
159 3130 357 3214 Aristippus,
383 3130 449 3194 sive
472 3153 538 3194 non
562 3131 738 3214 dolentem,
761 3133 797 3195 ut
819 3131 886 3213 hic,
910 3130 966 3195 sed
984 3131 1103 3217 agendo

45 3240 79 3287 41
100 3218 220 3302 aliquid
262 3218 530 3283 considerandove
571 3240 771 3303 quaeramus.
839 3218 928 3294 Quae
973 3221 1105 3303 possunt

100 3306 211 3370 eadem
230 3310 343 3371 contra
364 3304 583 3371 Carneadeum
605 3306 686 3370 illud
709 3329 869 3371 summum
892 3308 1015 3372 bonum
1039 3307 1106 3386 dici,

99 3393 185 3479 quod
217 3394 245 3458 is
277 3416 343 3459 non
373 3398 454 3478 tam,
486 3398 522 3458 ut
554 3395 720 3479 probaret,
756 3395 906 3478 protulit,
942 3417 1042 3480 qnam
1073 3397 1131 3460 utu

99 3480 229 3565 Stoicis,
266 3484 455 3567 quibuscum
492 3482 613 3547 bellum
649 3483 795 3568 gerebat,
832 3488 1019 3566 opponeret.
1073 3481 1109 3547 Id
