2346 3876
102 183 168 246 262
264 182 312 236 DE
331 180 475 236 FINIBUS
494 179 674 236 BONORUM
691 181 740 234 ΕΤ
758 179 944 234 MALORUM

102 346 214 408 nesta
174 342 347 408 tadicunt
332 347 395 408 t.ur
436 343 580 419 Quorum
604 342 746 406 omnium
770 362 853 426 quae
877 343 944 406 rint
965 341 1099 421 notitiae,

103 453 248 532 quaeque
272 432 454 519 significent
454 453 493 495 ur
510 452 617 495 rerum
638 431 817 512 vocabulis,
840 451 986 514 quaeque
1009 430 1099 494 euius·

50 542 164 705 {12que
186 521 236 584 vis
260 522 292 585 et
313 523 431 584 natura
453 520 509 599 sit,
531 540 608 583 mox
629 518 862 585 videbimus.

169 607 316 673 Hoet
259 630 300 671 au
302 611 367 672 tem
385 609 457 673 loco
481 609 609 671 tantum
629 606 840 690 explicemus,
858 578 945 672 'haec
970 606 1100 687 honesta,

50 657 186 781 61ιιιιιιθ
209 696 294 779 dico,
316 700 542 779 praeterquam
565 694 650 778 quod
672 697 801 759 nosmet
818 695 910 778 ipsos
932 694 1120 780 diligamnqr

102 788 270 867 praeterea
296 789 409 885 suapte
435 787 552 848 natura
577 804 636 866 per
663 804 698 847 se
725 803 796 847 esse
826 783 1019 867 expetenda.
1061 781 1101 846 In·

104 873 214 937 dicant
235 873 340 956 pueri,
363 873 398 936 in
420 873 537 957 quibus
555 871 620 935 ut
611 893 646 934 ιιι
664 871 805 954 speculis
824 875 947 936 natura
964 872 1097 936 cernitur
1067 892 1103 933 ιιι.

104 960 233 1037 Quanta
265 960 373 1025 studia
404 960 637 1024 decertantium
670 961 758 1025 sunt!
791 963 915 1043 quauta
947 960 1021 1044 ipsa
1049 980 1103 1024 eer-

103 1049 240 1113 tamina!
269 1051 306 1112 ut
333 1048 383 1113 illi
414 1049 589 1112 efferuntur
618 1048 756 1131 laetitia,
788 1070 861 1112 oum
888 1047 1049 1114 vicerunt!
1074 1049 1104 1110 nt

103 1137 203 1219 pudet
233 1137 349 1201 victos!
381 1140 418 1201 ut
449 1158 483 1201 se
511 1136 655 1201 accusari
686 1136 815 1201 nolunt!
848 1159 948 1220 quam
981 1137 1132 1220 cupiunln

103 1223 241 1288 laudari!
261 1245 341 1307 quos
360 1225 409 1288 illi
428 1225 558 1289 labores
574 1226 664 1304 [non]
684 1224 861 1308 perferunt,
879 1229 917 1289 ut
931 1226 1105 1310 aequalium

102 1311 263 1394 principes
291 1312 369 1376 sint!
398 1335 479 1396 quae
506 1313 662 1376 memoria
685 1313 791 1377 estin
820 1313 862 1377 iis
885 1314 968 1378 bene
991 1335 1105 1378 meren·

103 1399 199 1482 tium,
223 1421 305 1482 quae
328 1400 511 1465 referendae
535 1401 661 1484 gratiae
679 1401 850 1484 cupiditas!
887 1401 1000 1486 Atque
1021 1425 1058 1468 ea
1077 1401 1106 1464 in

104 1489 228 1571 optima
251 1510 375 1572 quaque
398 1489 506 1555 indole
530 1489 668 1552 maxime
692 1492 863 1573 apparent,
889 1489 926 1554 in
949 1512 1015 1574 qua
1036 1491 1105 1555 haec

105 1575 255 1661 honesta,
278 1599 360 1660 quae
382 1577 617 1659 intellegimus,
641 1600 660 1641 a
680 1579 797 1641 natura
815 1581 987 1662 tamquam
1006 1579 1134 1644 adum-n

51 1687 84 1734 ca
104 1665 247 1729 brantur.
302 1663 364 1729 Sed
390 1665 470 1729 haec
498 1666 532 1729 in
558 1665 680 1748 pueris3
713 1687 866 1748 expressa
897 1687 975 1730 vero
1008 1668 1043 1732 in
1071 1666 1106 1730 iis

104 1754 277 1835 aetatibus,
306 1773 387 1836 quae
416 1754 483 1817 iam
507 1753 714 1818 confirmatae
738 1757 821 1817 sunt.
868 1753 949 1829 Quis
973 1760 1026 1821 est
1040 1758 1107 1819 *tam

104 1841 270 1905 dissimilis
302 1841 440 1919 homini,
472 1841 526 1924 qui
563 1863 629 1906 non
665 1844 833 1906 moveatur
869 1847 908 1906 et
936 1842 1107 1908 offensione

103 1929 314 2013 turpitudinis
347 1932 380 1992 et
411 1929 673 2012 comprobatione
705 1929 911 1994 honestatis?
949 1932 1024 2014 quis
1056 1933 1107 2011 est,

104 2018 244 2100 quinon
267 2017 371 2082 oderit
392 2017 612 2101 libidinosam,
633 2022 818 2100 protervam
837 2017 1137 2084 adulescentiamlu

104 2104 177 2188 quis
192 2109 305 2169 contra
323 2106 428 2170 inille
443 2107 549 2170 aetate
567 2104 733 2190 pudorem,
752 2107 983 2192 constantiam,
1004 2108 1108 2173 etiam·

104 2193 132 2256 si
157 2214 215 2256 sua
237 2193 321 2257 nihil
342 2194 483 2276 intersit,
505 2215 571 2258 non
593 2196 703 2257 tamen
725 2194 863 2278 diligat?
886 2195 960 2278 quis
984 2195 1108 2260 Pullum

103 2279 324 2346 Numitorium
346 2280 586 2366 Fregellanum,
610 2282 822 2365 proditorem,
844 2304 1044 2366 quamquam
1065 2283 1108 2346 rei

103 2368 253 2452 publicae
279 2373 413 2434 nostrae
440 2370 575 2454 profuit,
597 2391 663 2434 non
687 2369 775 2435 odit?
804 2371 876 2454 quis
903 2370 1001 2437 huius
1025 2371 1108 2436 urbis

103 2461 363 2522 conservatorem
400 2455 555 2539 Codrum,
596 2458 665 2541 quis
702 2457 876 2523 Erechthei
920 2459 1007 2524 filias
1047 2481 1109 2524 non
1121 2484 1139 2523 a

104 2546 242 2610 manime
278 2546 412 2610 laudat?
448 2545 499 2611 cui
531 2545 650 2610 Tubuli
681 2567 799 2610 nomen
832 2546 905 2611 odio
942 2568 1011 2612 non
1043 2547 1109 2612 est?

104 2635 174 2717 quis
188 2633 279 2698 Arist
280 2634 364 2698 idem
382 2657 449 2699 non
468 2637 631 2697 mortuum
650 2633 777 2717 diligit?
809 2633 864 2698 An
883 2635 1110 2717 obliviscimur,

104 2723 333 2822 quantopere
323 2743 359 2786 ιιι
378 2721 562 2786 audiendo
552 2743 587 2785 m
605 2721 802 2806 legendoque
821 2743 1019 2806 moveamur,
1042 2745 1111 2788 oum

104 2810 170 2891 pie,
198 2832 270 2874 oum
299 2810 414 2893 amice,
446 2831 518 2874 eum
546 2829 665 2893 magno
693 2810 802 2875 animo
835 2810 958 2911 aliquid
991 2811 1111 2876 factum

52 2919 84 2966 63
105 2897 352 2980 cognoscimus?
398 2898 482 2973 Quid
504 2899 619 2981 loquor
643 2898 680 2961 de
703 2898 811 2980 nobis,
841 2900 896 2981 qui
921 2899 961 2962 ad
984 2899 1112 2964 laudem
1124 2925 1144 2964 ι

105 2983 209 3048 eatd
241 2984 336 3048 decus
368 2987 450 3069 nati,
483 2986 639 3069 suscepti,
676 2948 819 3050 instituti
857 2987 992 3051 sumus?
1052 2987 1112 3064 Qui

104 3073 260 3137 clamores
283 3072 373 3157 vulgi
396 3077 491 3157 atque
514 3073 738 3158 imperitorum
762 3073 942 3139 excitantur
965 3075 1002 3140 in
1024 3077 1111 3141 thea-

103 3162 176 3242 ure,
199 3182 271 3224 cum
294 3161 353 3225 illa
377 3161 540 3225 dicuntur:

192 3281 283 3368 'Ego
307 3306 389 3348 sum
413 3283 584 3368 Orestes,

104 3411 278 3493 contraque
302 3407 343 3470 ab
367 3408 484 3472 altero:
1124 3438 1146 3477 a

189 3508 316 3579 ‘Immo
336 3511 532 3580 enimvero
553 3535 622 3600 ego
640 3537 736 3598 sum,
750 3515 921 3600 inquam,
940 3517 1111 3585 Orestes!
