2356 3870
296 163 363 219 LIB.
382 165 403 221 l.
432 163 510 223 (th.
530 170 652 222 14-16.
681 170 696 232 ξ
715 171 836 222 46-51.
1013 169 1074 233 111

58 327 218 393 miserum
256 329 320 410 est,
356 328 398 393 ob
441 349 574 412 eamque
610 327 811 393 debilitatem
843 330 944 395 animi
980 331 1076 396 multi

57 418 228 499 parentes,
260 416 355 480 multi
381 414 517 500 amieos,
542 437 609 481 non
634 417 718 481 nulli
749 417 902 502 patriam,
933 419 1077 503 plerique

60 509 171 569 autem
196 524 231 567 se
254 503 344 587 ipsos
367 504 495 588 penitus
517 504 739 588 perdiderunt,
765 506 811 570 sie
834 506 985 571 robustus
1009 509 1076 572 ani-

60 613 134 656 mus
157 594 192 656 et
215 591 358 657 excelsus
388 592 477 656 omni
504 594 554 657 est
581 592 664 657 liber
687 614 764 658 cura
786 597 819 657 et
844 614 978 678 angore,
1005 616 1076 659 eum

36 684 94 747 set
116 682 260 745 mortem
282 680 473 763 contemnit,
503 701 567 766 qua
588 682 644 765 qui
667 681 774 746 affecti
800 684 890 765 sunt,
912 682 1076 747 incudem

61 789 160 834 causa
188 771 277 852 sunt,
310 790 374 853 qua
404 771 478 833 ante
507 789 603 852 quam
629 769 712 853 neti,
745 773 777 834 et
805 769 845 834 ad
872 770 999 834 doleres
1029 772 1077 836 ita

61 859 199 941 paratus
223 859 286 940 est,
308 861 346 921 ut
371 856 555 921 meminerit
577 857 733 922 maximos
757 862 860 923 morte
882 858 982 942 finiri,
1003 881 1075 942 par-

62 966 119 1010 vos
153 944 260 1010 multa
295 943 416 1009 habere
451 945 624 1010 intervalla
659 946 828 1029 requietis,
868 946 1076 1012 mediocrium

62 1054 121 1098 nos
145 1053 218 1117 esse
242 1032 404 1116 dominos,
426 1035 477 1117 ut,
500 1033 529 1098 si
550 1033 737 1099 tolerabiles
762 1034 841 1118 sint,
863 1034 1017 1113 feramus,
1048 1035 1076 1099 si

34 1121 185 1206 ominus,
209 1121 316 1187 animo
335 1142 437 1205 aequo
457 1142 475 1185 e
496 1121 578 1204 vita,
601 1143 673 1186 eum
693 1143 731 1186 ea
748 1144 815 1188 non
831 1123 973 1207 placeat,
994 1127 1075 1187 tam-

64 1231 160 1294 quam
188 1229 206 1273 e
232 1209 361 1275 theatro
390 1230 550 1274 exeamus.
598 1208 721 1286 Quibus
748 1210 845 1275 rebus
875 1211 1076 1296 intellegitur

63 1319 121 1363 nec
151 1297 363 1362 timiditatem
394 1297 621 1382 ignaviamque
652 1297 829 1381 vituperari
857 1320 916 1363 nec
947 1299 1075 1364 fortitu-

64 1385 170 1452 dinem
201 1385 459 1470 patientiamque
490 1386 617 1451 laudari
649 1407 708 1452 suo
737 1386 882 1471 nomine,
915 1386 971 1452 sed
1000 1387 1074 1451 illas

64 1475 163 1559 reici,
182 1473 259 1558 quia
286 1472 433 1540 dolorem
459 1473 602 1558 pariant,
629 1473 689 1538 has
713 1475 833 1558 optari,
863 1475 940 1558 quia
961 1476 1075 1559 volup-

270 1581 286 1615 θ

38 1585 57 1626 1⁵
65 1566 263 1717 tatequffi
284 1653 402 1733 restat,
424 1653 462 1715 ut
484 1649 523 1715 de
545 1652 634 1715 omni
652 1650 772 1715 virtute
795 1651 839 1715 sit
861 1650 995 1736 dictum3
1019 1651 1074 1715 sed
1088 1613 1129 1738 152

65 1740 185 1804 similia
212 1739 279 1802 fere
307 1738 371 1804 diei
397 1740 544 1821 possunt.
588 1737 634 1802 Ut
658 1738 743 1803 enim
767 1738 971 1822 sapientiam,
994 1740 1074 1803 tem-

64 1827 259 1911 perantiam,
296 1826 520 1892 fortitudinem
559 1826 727 1910 copulatas
767 1847 837 1891 esse
873 1826 967 1891 docui
1003 1837 1076 1892 oum

64 1916 240 2000 voluptate,
257 1917 296 1979 ut
313 1915 355 1979 ab
374 1936 412 1980 ea
430 1915 520 1980 nullo
539 1915 635 1979 modo
653 1936 713 1979 nec
731 1914 842 1980 divelli
859 1935 918 1979 nec
937 1914 1076 1980 distrahi

34 2005 203 2088 upossint,
221 2002 268 2068 sio
286 2002 326 2067 de
344 2001 470 2067 iustitia
487 2002 693 2067 iudicandum
712 2007 775 2082 est,
794 2024 876 2087 quae
892 2024 959 2068 non
978 2003 1075 2068 modo

63 2112 240 2176 numquam
261 2093 359 2156 nocet
381 2091 544 2175 cuiquam,
571 2090 628 2155 sed
657 2093 769 2155 centra
791 2112 918 2174 semper
940 2092 1077 2174 imperti

64 2178 186 2265 aliquid
216 2200 290 2244 cum
322 2200 381 2244 sua
412 2179 445 2243 vi
476 2181 572 2261 atquc
604 2183 736 2263 natura,
768 2179 854 2262 quod
885 2180 1077 2265 tranquillet

63 2268 203 2351 animoa,
224 2270 297 2332 turn
320 2288 377 2350 spe
399 2265 482 2331 nihil
505 2287 614 2331 earum
639 2288 746 2331 rerum
769 2266 967 2352 defuturum,
994 2290 1075 2351 quas

61 2361 180 2422 natura
201 2377 268 2420 non
291 2355 469 2438 depravata
491 2354 658 2420 desideret.
693 2355 739 2419 Et
760 2376 856 2437 quem
879 2356 920 2419 ad
944 2345 1074 2421 niodum

32 2444 231 2510 atemeritas
259 2446 293 2508 et
313 2442 414 2507 libido
439 2446 472 2506 et
493 2442 624 2526 ignavia
647 2464 774 2527 semper
800 2443 944 2507 animum
967 2465 1075 2507 excru-

62 2534 150 2598 ciant
180 2534 213 2596 et
240 2552 367 2615 semper
400 2530 578 2597 sollicitant
608 2530 875 2614 turbulentaeque
908 2534 995 2614 sunt,
1028 2532 1075 2595 sio

61 2620 245 2704 improbitas
265 2621 295 2685 si
316 2620 407 2684 euius
429 2619 466 2686 in
488 2622 597 2684 mente
619 2618 773 2696 consedit,
797 2617 859 2683 hoe
881 2619 967 2702 ipso,
991 2619 1076 2703 quod

63 2709 167 2792 adest,
195 2707 384 2773 turbulenta
410 2709 474 2791 est3
509 2707 539 2771 si
565 2727 640 2771 vero
673 2707 788 2771 molita
818 2707 984 2791 quippiam
1017 2710 1075 2790 est,

62 2796 212 2883 quamvis
240 2797 362 2861 occulte
389 2795 516 2878 fecerit,
544 2815 720 2879 numquam
748 2799 859 2860 tamen
880 2795 915 2860 id
938 2795 1075 2860 confidet

31 2885 131 2951 utere
155 2905 284 2968 semper
307 2883 477 2950 oecultum,
521 2882 713 2967 Plerumque
740 2882 962 2966 improborum
989 2884 1075 2949 facta

62 2973 169 3058 primo
202 2972 344 3056 suspicio
374 2971 568 3055 insequitur,
603 2971 678 3035 dein
709 2991 814 3036 sermo
847 2974 944 3057 atque
979 2971 1075 3055 fama,

62 3065 132 3128 turn
155 3064 339 3144 accusator,
361 3063 432 3125 tum
450 3058 559 3142 index3
582 3059 677 3123 multi
696 3059 806 3143 etiam,
829 3062 867 3124 ut
885 3064 918 3125 te
937 3062 1073 3137 consule,

63 3149 126 3234 ipsi
157 3171 192 3215 se
224 3148 455 3214 indicaverunt.
513 3146 635 3224 Quodsi
667 3147 723 3231 qui
753 3148 834 3213 satis
868 3148 930 3213 sibi
962 3152 1108 3215 contras

63 3236 231 3305 hominum
254 3237 484 3302 conscientiam
507 3235 612 3319 saepti
635 3257 703 3300 esse
725 3239 757 3299 et
775 3236 894 3301 muniti
916 3235 1074 3317 videntur,

35 3324 197 3393 odacrum
232 3329 342 3391 tamen
377 3324 513 3391 horrent
551 3345 668 3408 easque
704 3324 793 3407 ipsas
829 3323 1074 3406 sollicitudines,

10 3468 12 3473 .
65 3415 178 3500 quihus
212 3435 325 3480 eorum
361 3413 462 3478 animi
493 3410 678 3497 ‘noctesque
713 3408 858 3496 diesque'
888 3410 1074 3493 exeduntur,

66 3502 156 3569 adis
178 3502 418 3569 immortalibus
446 3500 597 3585 supplicii
625 3521 720 3566 cama
746 3498 917 3583 importari
946 3501 1073 3582 putant
