2346 3876
304 165 371 220 mn.
390 165 424 220 Π.
452 165 528 220 CAP.
549 173 577 234 r,
597 173 621 222 a.
649 173 804 233 sao-ar.
996 167 1058 232 131

77 326 142 398 nodi
172 327 368 412 voluptates,
400 351 472 393 eum
504 332 590 393 esset
624 329 827 412 praesertim,
863 333 901 394 ut
934 330 981 395 ais
1014 336 1060 413 tu,

77 435 178 480 summa
217 417 367 500 voluptas
407 417 490 481 nihil
530 415 662 482 dolere?
725 416 828 500 Atqui
862 418 1059 503 reperiemus

77 507 162 569 asotos
180 504 320 589 primum
338 506 386 569 ita
403 527 469 571 non
486 505 665 590 religiosos,
683 510 721 570 ut
740 504 840 569 ‘edint
860 505 898 570 de
916 505 1059 591 patella,'

77 588 166 657 deinde
187 594 236 657 ita
258 597 396 658 mortem
418 615 485 658 non
507 593 675 677 timentes,
702 598 738 658 ut
765 593 846 658 illud
869 592 903 658 in
926 614 981 658 ore
1003 595 1058 659 ha-

61 678 152 746 rheant
173 703 211 746 ex
234 680 410 766 Hymnide:
494 732 498 739 .

97 802 178 869 Mihi
200 826 264 870 scx
287 827 437 870 menses
461 807 560 870 satis
584 810 672 870 sunt
695 806 811 889 vitae,
835 805 1036 889 septimum
1137 835 1140 840 ·

408 892 503 959 Oreo
528 894 706 978 spondeo.

75 1029 127 1096 lun
151 1032 269 1100 doloris
297 1036 530 1100 medicamenta
557 1034 614 1098 illa
641 1035 800 1117 Epicurea
827 1039 993 1120 tamquam
1020 1035 1059 1100 de

74 1121 217 1187 narthecio
245 1127 408 1206 prement:
437 1121 488 1188 ‘Si
514 1123 660 1208 gravia,
683 1122 824 1208 brevis3
853 1124 885 1188 si
907 1123 1060 1209 longus,
1120 1194 1125 1204 ⁸

50 1206 171 1274 oleris?
215 1210 325 1276 Unum
342 1211 464 1295 neseio,
488 1233 550 1296 quo
569 1211 666 1276 modo
683 1210 801 1297 possit,
824 1212 852 1276 si
875 1211 1058 1278 luxuriosus

75 1295 116 1380 sit,
133 1298 238 1364 finitas
263 1298 456 1383 cupiditates
478 1298 605 1364 habere.
1078 1341 1097 1404 8

122 1385 202 1463 Quid
234 1407 310 1471 ergo
343 1388 460 1452 attinet
494 1387 609 1452 dicere:
647 1387 750 1452 ‘Nihil
777 1387 942 1470 haberem,
974 1388 1059 1472 quod
1077 1419 1111 1466 23

73 1476 289 1557 reprenderem,
321 1477 350 1540 si
377 1476 484 1540 finitas
516 1475 707 1560 cupiditates
739 1475 933 1540 haberent'?
988 1476 1059 1540 Hoc

73 1563 110 1624 cst
131 1563 246 1629 dicere:
284 1562 369 1628 ‘Non
392 1564 615 1647 reprenderem
644 1567 766 1646 asotos,
798 1565 827 1627 si
854 1586 920 1628 non
951 1568 1059 1628 essent

45 1664 62 1704 1⁵
72 1650 158 1715 asoti?
210 1651 279 1717 Isto
312 1652 407 1717 modo
439 1674 479 1716 ne
511 1652 678 1735 improbos
710 1652 850 1736 quidem,
887 1651 915 1714 si
952 1657 1059 1716 essent

71 1735 133 1803 boni
153 1740 223 1804 viri.
268 1739 331 1804 Hic
357 1740 455 1804 homo
479 1761 608 1804 severus
631 1740 793 1803 luxuriam
818 1740 923 1822 ipsam
944 1761 1003 1823 per
1025 1761 1059 1804 se

71 1827 301 1908 reprendendum
329 1850 394 1893 non
420 1832 479 1911 put
500 1831 522 1892 t.
572 1827 617 1891 Et
643 1828 787 1912 hercule,
818 1826 993 1911 Torquate,
1023 1832 1060 1892 ut

71 1933 162 1980 verum
192 1917 375 2001 loquamur,
408 1917 437 1981 si
469 1938 629 1981 summum
661 1915 781 1979 bonurn
814 1917 962 1999 voluptas
1001 1919 1059 1999 est,

71 2003 230 2068 rectissime
248 2026 314 2069 non
331 2008 435 2087 putat.
467 2003 578 2069 Nolim
597 2004 683 2068 enim
702 2003 783 2068 mihi
801 2004 921 2088 fingere
940 2008 1059 2087 asotoS,

41 2091 100 2150 our
116 2092 235 2173 soletis,
259 2092 365 2177 quiin
385 2114 528 2157 mensam
551 2094 694 2175 vomant,
717 2096 750 2156 et
772 2092 827 2175 qui
845 2093 883 2157 de
903 2093 1058 2157 conviviis

71 2177 238 2245 auferantur
269 2180 420 2264 crudique
452 2179 607 2264 postridie
639 2201 673 2244 se
706 2202 816 2244 rursus
847 2180 1059 2266 ingurgitent,

72 2265 115 2347 qui
134 2268 245 2351 solem,
267 2272 305 2332 ut
327 2268 430 2352 aiunt,
453 2290 512 2333 neo
533 2267 729 2333 occidentem
747 2290 899 2352 umquam
922 2268 1060 2333 viderint

71 2371 118 2417 nec
153 2357 321 2434 orientem,
359 2357 414 2441 qui
454 2357 652 2440 consumptis
692 2356 896 2440 patrimoniis
934 2361 1059 2440 egeant.

69 2435 156 2508 Nemo
186 2448 333 2509 nostrum
364 2444 458 2509 istius
491 2446 618 2529 generis
651 2448 760 2510 asotos
798 2444 933 2508 iucunde
964 2447 1059 2526 putat

39 2529 169 2598 scivere.
214 2531 365 2615 Mundus,
390 2532 564 2617 elegantis,
593 2533 723 2616 optimis
748 2532 846 2614 nocie,
874 2531 1059 2615 pistoribus,

68 2617 190 2702 piscatu,
222 2621 371 2703 aucupio,
403 2621 588 2702 venatione,
622 2620 673 2684 his
702 2621 849 2684 omnibus
882 2618 1059 2704 exquisitis,
1142 2633 1144 2639 '

68 2705 190 2773 vitantes
232 2708 434 2784 cruditatem,
476 2708 626 2792 ‘quibus
668 2709 794 2772 vinum
832 2707 1005 2772 defusum
1042 2730 1058 2772 e
1142 2711 1144 2732 ³

67 2793 163 2872 pleno
188 2797 253 2879 sit,
276 2799 296 2876 †
318 2796 519 2876 hirsizon’‚
542 2801 578 2860 ut
601 2796 647 2861 ait
667 2796 822 2877 Lucilius,
846 2795 918 2861 ‘cui
939 2796 1058 2860 nihil-

66 2880 135 2948 dum
164 2885 300 2949 sitris
330 2889 365 2949 et
396 2885 570 2949 sacculus
606 2883 842 2967 abstulerit',
875 2884 1058 2950 adhibentis

36 2967 144 3037 uludos
167 2976 200 3038 et
216 2994 304 3056 quae
329 2977 519 3057 sequuntur,
542 2972 610 3052 illa,
633 2972 748 3056 quibus
768 2971 920 3037 detractis
941 2974 1060 3038 clamat

64 3053 210 3143 Epicurus
243 3083 277 3125 se
308 3062 443 3145 nescire,
476 3060 553 3145 quid
584 3062 625 3124 sit
656 3060 789 3143 bonum:
823 3061 929 3125 adsint
960 3062 1058 3124 etiam

63 3145 185 3214 formosi
212 3149 316 3234 pueri,
343 3151 398 3233 qui
425 3149 623 3231 ministrent,
651 3149 845 3232 respondeat
874 3149 925 3213 his
953 3147 1059 3230 vestis,

61 3240 238 3320 argentum,
275 3235 494 3321 Corinthium,
535 3237 625 3301 locus
669 3236 757 3321 ipse,
802 3237 979 3301 aedificium
1020 3270 1055 3280 -—

34 3321 112 3395 ‚hos
134 3346 211 3410 ergo
235 3329 345 3391 asotos
369 3327 451 3391 bene
475 3324 603 3409 quidem
631 3324 738 3389 vivere
766 3329 822 3389 aut
849 3324 943 3388 beate
968 3343 1059 3386 num·

34 3432 148 3497 equam
179 3413 325 3479 dixerim.
380 3413 430 3479 Ex
463 3434 525 3497 quo
559 3411 709 3495 efficitur,
741 3433 805 3477 non
837 3418 874 3475 ut
910 3410 1059 3491 voluptas
1078 3422 1111 3469 24

56 3522 92 3566 ne
121 3503 166 3569 sit
198 3502 361 3585 voluptas,
394 3502 449 3566 sed
482 3504 517 3566 ut
548 3501 698 3586 voluptas
730 3520 796 3565 nou
827 3499 873 3564 sit
900 3518 1066 3564 summum

865 3604 918 3660 g,
