2356 3870
103 156 167 221 190
265 155 313 210 ΒΕ
332 155 476 210 FINIBUS
494 155 676 211 BONORUM
692 156 740 210 ΕΤ
759 155 940 212 MALORUM

102 317 146 380 sit
173 317 284 381 eadem
311 319 408 400 ratio,
434 321 606 400 propterea
628 317 714 400 quod
738 317 818 381 haec
839 318 999 400 plurimae
1022 339 1100 383 com·

102 492 226 556 artibus
244 515 310 557 non
328 493 380 574 sit,
398 497 432 556 et
451 492 536 575 quod
553 492 656 556 virtus
671 492 892 576 stabilitatem,
911 493 1099 575 firmitatem,

101 581 318 644 constantiam
335 579 436 644 totius
454 580 541 645 vitae
560 578 802 662 complectatur,
819 601 879 644 nco
897 580 977 645 haec
996 581 1098 645 eadem

101 668 135 732 in
158 668 282 732 artibus
305 688 374 731 esse
397 667 573 731 videamus.
1107 691 1116 732 s

166 753 326 838 Deinceps
345 755 523 838 explicatur
541 754 723 819 differentia
741 776 862 839 rerum,
880 777 977 838 quam
996 757 1099 820 sinon

101 843 208 906 ullam’
229 864 298 908 esse
325 842 515 925 diceremus,
545 842 791 906 confunderetur
823 844 928 907 omnis
960 845 1041 928 vita,
1070 847 1099 907 ut

101 931 142 995 ab
166 930 332 1015 Aristone,
354 951 457 1014 noque
480 930 581 994 ullum
605 931 784 1012 sapientiae
806 953 922 995 munus
947 935 1004 996 aut
1026 952 1098 1014 opus

101 1018 310 1101 inveniretur,
335 1040 406 1082 cunr
428 1019 514 1082 inter
536 1039 588 1081 res
612 1039 679 1102 aas,
703 1039 784 1102 quae
807 1017 848 1082 ad
873 1020 973 1084 vitam
993 1019 1099 1102 degen-

102 1105 175 1170 dam
193 1108 404 1189 pertinerent,
427 1104 658 1171 nihilomnino
678 1106 862 1189 interesset,
883 1127 988 1191 neque
1005 1107 1137 1170 ullumn-

29 1203 31 1207 ’
102 1193 255 1258 dilectum
277 1193 423 1257 adhiberi
451 1196 623 1276 oporteret.
673 1193 787 1277 Itaque
813 1215 886 1258 cum
913 1198 999 1259 esset
1026 1195 1098 1258 satis

102 1281 311 1345 constitutum
343 1281 376 1344 id
408 1281 513 1344 solum
544 1302 614 1345 esse
648 1281 782 1365 bonum,
818 1280 903 1364 quod
930 1286 1017 1346 esset
1050 1282 1098 1347 ho

101 1373 243 1451 nestum,
271 1372 304 1432 et
330 1368 364 1433 id
393 1369 515 1432 malum
539 1368 659 1451 solum,
682 1369 767 1452 quod
794 1373 901 1452 turpe,
930 1373 1000 1434 tum
1022 1369 1100 1433 inter

101 1456 171 1540 illa,
194 1478 277 1540 quae
298 1456 381 1520 nihil
404 1458 548 1521 valerent
572 1456 612 1521 ad
635 1457 729 1521 beate
752 1456 908 1520 misereve
927 1457 1100 1539 vivendum,

102 1543 222 1628 aliquid
239 1550 359 1627 tamen,
376 1545 461 1628 quod
480 1544 635 1625 differret,
654 1565 724 1608 esse
742 1544 921 1627 voluerunt,
943 1549 981 1609 ut
999 1546 1130 1609 essentia

102 1654 212 1696 eorum
244 1634 309 1697 alia
340 1632 568 1714 aestimabilia,
600 1632 664 1696 alia
695 1636 821 1716 contra,
853 1631 919 1696 alia
950 1636 1100 1697 neutrum.

50 1739 80 1786 οι
102 1719 191 1796 Quae
219 1724 327 1784 autem
355 1720 556 1785 aestimanda
584 1724 705 1802 essent,
733 1741 843 1784 eorum
872 1719 907 1782 in
929 1720 1004 1785 aliis
1027 1720 1101 1784 satis

102 1830 172 1873 esse
195 1830 325 1890 causae,
348 1808 593 1891 quamobrem
616 1807 808 1891 quibusdam
827 1812 1101 1891 anteponerentur,

102 1901 138 1959 ut
168 1897 203 1960 in
234 1896 432 1978 valetudine,
464 1899 501 1959 ut
531 1895 566 1959 in
591 1895 779 1979 integritate
809 1916 974 1973 sensuum,
1005 1899 1043 1959 ut
1071 1895 1101 1958 in

102 1984 221 2048 doloris
259 1983 432 2065 vacuitate,
468 1986 505 2047 ut
540 1982 679 2067 gloriae,
718 1983 916 2066 divitiarum,
954 1983 1131 2048 similiuma

101 2092 220 2154 rerum,
239 2071 305 2135 alia
323 2074 432 2134 autem
448 2092 513 2134 non
532 2092 602 2135 esse
621 2070 689 2134 eius
708 2070 810 2153 modi,
827 2071 969 2152 itemque
987 2092 1100 2151 eornm,

102 2179 182 2241 quae
213 2158 304 2222 nulla
335 2158 559 2222 aestimatione
591 2158 688 2242 digna
719 2162 839 2236 essent,
875 2159 995 2241 partim
1028 2158 1100 2222 satis

101 2246 220 2310 habere
244 2267 371 2328 causae,
394 2268 493 2330 quam
515 2246 644 2310 obrem
666 2245 873 2326 reicerentur,
896 2251 933 2309 ut
955 2245 1100 2325 dolorem,

102 2334 264 2416 morbum,
296 2355 448 2398 sensuum
486 2333 706 2416 amissionem,
740 2337 980 2417 paupertatem,
1017 2335 1099 2418 iguo·

102 2422 250 2505 miniam,
278 2422 399 2486 similia
424 2420 554 2504 horum,
580 2421 701 2504 partim
726 2443 791 2486 non
818 2420 905 2484 item.
950 2419 1036 2486 Hinc
1058 2422 1131 2484 esta

101 2510 182 2575 illud
200 2513 360 2593 exortum,
379 2508 464 2593 quod
482 2507 567 2573 Zeno
586 2507 807 2592 προηγμένον,
827 2512 1003 2592 contraque
1023 2505 1100 2592 quod

101 2592 379 2682 ἀποπροηγμένον
409 2596 600 2678 nominavit,
638 2617 709 2660 cum
745 2600 890 2661 uteretur
924 2597 960 2660 in
996 2594 1100 2680 lingua

102 2687 233 2768 copiosa
254 2685 350 2749 factis
373 2690 482 2749 tamen
504 2683 689 2748 nominibus
713 2705 751 2747 ac
772 2684 879 2767 novis,
904 2683 991 2766 quod
1013 2681 1100 2749 nobis

101 2774 136 2836 in
168 2773 229 2836 hac
260 2773 351 2855 inopi
382 2772 495 2855 lingua
521 2793 588 2835 non
618 2770 816 2853 conceditur3
837 2793 1045 2854 -quamquam
1070 2773 1100 2834 tu

100 2859 183 2923 hanc
201 2861 415 2943 copiosiorem
435 2859 533 2922 etiam
552 2858 635 2923 soles
654 2859 767 2922 dicere.
800 2856 947 2922 sednon
968 2859 1129 2923 alienans

102 2953 164 3027 est,
183 2968 246 3031 quo
264 2946 393 3012 facilius
411 2947 461 3011 vis
480 2946 571 3011 verbi
588 2946 809 3030 intellegatur,
831 2945 992 3010 rationem
1012 2946 1100 3010 huius

101 3035 192 3099 verbi
214 3034 355 3098 faciendi
377 3033 517 3098 Zenonis
542 3056 710 3117 exponere.

51 3191 90 3253 1ss
167 3211 214 3277 Ut
232 3211 331 3293 enim,
354 3209 473 3292 inquit,
496 3230 590 3273 nemo
611 3209 690 3273 dicit
707 3211 741 3274 in
760 3209 851 3291 regia
867 3230 979 3293 regem
1002 3212 1102 3294 ipsum

49 3269 82 3315 ⁵²
102 3300 193 3384 quasi
224 3298 416 3382 productum
450 3317 519 3360 esse
556 3297 596 3360 ad
633 3297 824 3380 dignitatem
862 3294 910 3380 (id
941 3302 994 3362 est
1025 3297 1103 3362 enim

100 3383 339 3472 προηγμένον),
376 3385 431 3449 sed
468 3405 537 3468 eos,
573 3385 627 3468 qui
659 3385 694 3448 in
727 3385 836 3468 aliquo
868 3382 993 3449 honore
1027 3387 1134 3461 sunta

102 3497 238 3560 quorum
270 3474 347 3538 ordo
378 3472 525 3556 proxime
557 3471 694 3554 accedit,
726 3475 763 3535 ut
795 3471 953 3536 secundus
982 3473 1040 3552 sit,
1070 3467 1105 3536 ad
