2346 3876
103 153 169 216 284
297 152 594 209 TUSCULANARUM
612 153 916 212 DISPU'I'A'I'IONUM

104 315 222 400 dicam,
240 316 374 382 miseros
394 338 463 381 esse
469 367 478 399 ,
498 316 552 381 scd
571 319 698 381 tantum
716 317 864 400 miseros,
882 317 926 380 ob
944 317 1100 400 idipsum,

103 405 266 488 quianon
294 406 366 469 sint.

168 499 214 557 Μ
236 492 311 559 Non
334 493 414 557 dicis
437 493 550 577 igitur:
587 491 704 556 ‘Miser
727 496 777 556 111
803 490 847 556 Μ.
870 490 1034 576 Crassus',
1054 492 1100 555 scd

102 583 242 645 tantum:
269 579 384 645 ‘Miser
406 579 449 644 M.
473 579 641 646 Crassus'?

167 669 209 733 A.
235 667 287 732 Ita
304 669 415 752 plane.

51 768 83 816 14
167 763 212 821 M.
236 755 335 832 Quasi
357 779 423 822 non
439 777 570 821 neccsse
590 758 646 834 sit,
669 756 821 840 quicquid
838 756 904 821 isto
923 758 1020 822 modo
1038 778 1101 839 pro·

101 845 244 927 nunties,
267 844 301 908 id
325 848 382 909 aut
403 866 473 908 esse
497 847 638 909 autnon
660 847 743 908 csse!
792 844 846 908 An
868 848 906 909 tu
934 844 1101 909 dialecticis

101 955 141 996 nc
168 933 313 997 imbutus
341 932 471 1017 quidem
497 931 553 996 es‘?
603 931 642 995 In
668 932 783 1015 primis
811 933 897 996 enim
924 933 988 997 hoc
1014 932 1102 996 tradi·

102 1025 166 1085 tur:
190 1043 284 1086 omne
302 1021 547 1104 pronuntiatum
571 1019 632 1106 (sic
655 1020 742 1084 enim
763 1020 846 1084 mihi
868 1020 905 1084 in
928 1020 1102 1104 praesentia

102 1109 242 1173 occurrit
263 1113 300 1172 ut
322 1109 520 1193 appellarem
542 1101 683 1191 ἆξίωμα;
707 1110 782 1172 utar
803 1112 879 1191 post
902 1109 983 1187 alio,
1015 1110 1042 1173 si
1062 1108 1102 1171 in·
1112 1129 1129 1167 u

102 1217 218 1260 venero
247 1193 376 1282 melius)
406 1232 445 1243 -
475 1197 508 1260 id
540 1209 617 1280 e'rgo
651 1201 701 1261 111
732 1195 995 1279 pronuntiatum,
1027 1195 1103 1280 quod

102 1286 152 1348 111
174 1304 284 1347 verum
308 1287 365 1348 aut
386 1284 514 1349 falsum.
564 1282 646 1349 Cum
675 1283 776 1368 igitur
798 1283 892 1348 diois:
925 1282 1042 1350 ‘Miser
1066 1283 1102 1347 M.

102 1370 269 1456 Crassus',
292 1374 348 1436 aut
366 1372 428 1437 hoc
447 1373 540 1436 dicis:
564 1371 678 1436 ‘Miser
696 1374 746 1436 est
764 1370 927 1454 Crassus',
951 1376 989 1437 ut
1008 1373 1103 1456 possit

101 1459 246 1543 iudicari,
263 1482 375 1524 verum
391 1460 426 1524 id
444 1460 602 1524 falsumne
622 1461 673 1545 sit,
693 1463 749 1524 aut
766 1459 849 1523 nihil
867 1459 950 1524 dicis
970 1461 1103 1526 omnino.

167 1549 208 1612 A.
235 1548 320 1633 Age,
343 1548 409 1612 iam
432 1548 571 1614 concedo
593 1570 659 1613 non
683 1569 752 1612 esse
775 1548 926 1631 miseros,
948 1551 1006 1633 qui
1027 1570 1102 1613 mor·
1113 1568 1129 1607 a

101 1638 149 1700 tui
177 1636 257 1720 sint,
284 1636 436 1721 quoniam
465 1637 643 1718 extorsisti,
671 1640 708 1700 ut
735 1636 871 1719 faterer,
899 1637 956 1720 qui
980 1637 1101 1702 omnino

101 1747 166 1790 non
190 1728 311 1806 essent,
334 1745 389 1789 eos
406 1744 447 1788 ne
466 1726 600 1815 miseros
619 1723 747 1808 quidem
765 1744 834 1788 esse
856 1746 963 1807 posse.
1005 1723 1101 1801 Quid?

102 1813 156 1896 qui
173 1813 320 1896 vivimus,
341 1834 413 1877 oum
431 1812 632 1877 moriendum
651 1812 704 1896 sit,
721 1833 827 1876 nonne
844 1812 958 1876 miseri
976 1811 1101 1877 sumus?

102 1899 191 1975 Quae
219 1901 306 1965 enim
332 1904 441 1985 potest
467 1901 502 1965 in
528 1901 599 1965 vita
625 1921 695 1964 esse
718 1900 915 1984 iucunditas,
945 1923 1019 1966 cum
1041 1900 1100 1964 dies

103 1991 136 2052 et
152 1991 263 2053 noctes
278 1989 487 2073 cogitandum
497 1989 548 2053 sit
565 1989 631 2052 iam
648 1989 777 2072 iamque
796 2009 867 2052 esse
885 1985 1100 2054 moriendum?
1111 2007 1129 2046 11

51 2046 83 2171 ,⁸5
168 2083 213 2140 M.
235 2075 361 2160 Ecquid
388 2097 466 2160 ergo
494 2076 668 2161 intellegis,
696 2079 853 2160 quantum
881 2077 962 2141 mali
992 2078 1030 2142 de
1051 2076 1100 2140 hu·

102 2185 198 2228 mana
222 2165 405 2229 condicione
429 2165 603 2229 deieceris?

167 2253 209 2317 A.
238 2251 386 2329 Quonam
407 2253 527 2317 modo?

167 2346 213 2405 Μ
236 2339 331 2425 Quia,
361 2341 390 2404 si
420 2341 503 2406 mori
532 2340 629 2405 etiam
659 2341 795 2405 mortuis
830 2340 987 2406 miserum
1017 2343 1100 2420 essct,

101 2429 262 2493 infinitum
285 2428 445 2512 quoddam
469 2433 502 2493 11
523 2430 755 2512 sempiternum
774 2428 895 2492 malum
916 2429 1128 2494 haberemus

101 2515 135 2580 in
158 2516 238 2601 vita,
262 2538 346 2582 nuno
369 2516 463 2582 video
486 2518 621 2600 calcem,
649 2515 689 2580 ad
712 2539 809 2600 quam
833 2538 906 2581 cum
934 2518 980 2582 sit
1002 2519 1101 2582 decur-

102 2626 187 2688 sum,
210 2604 291 2667 nihil
314 2605 358 2668 sit
380 2609 546 2689 praeterea
569 2605 849 2682 extimescendum.
886 2603 950 2668 Sed
974 2608 1011 2670 111
1030 2602 1101 2669 mihi

101 2692 219 2755 videris
241 2691 443 2775 Epicharmi,
467 2695 554 2757 acuti
571 2714 630 2758 neo
647 2693 763 2757 insulsi
780 2692 923 2757 hominis
944 2697 983 2758 ut
1002 2691 1102 2764 Siculi,

102 2779 295 2842 sententiam
319 2782 417 2864 sequi.

167 2867 206 2930 A.
235 2866 361 2942 Quam?
384 2890 450 2932 non
474 2869 559 2933 enim
582 2869 666 2933 novi.
886 2896 888 2903 ·
1111 2886 1130 2926 ³0

167 2960 211 3018 Μ.
235 2952 357 3037 Dicam,
376 2957 404 3019 si
422 2959 546 3039 potero,
565 2956 689 3021 Latine.
725 2954 793 3020 Scis
813 2956 900 3019 enim
918 2979 971 3021 me
990 2956 1103 3022 Gracco

99 3042 189 3127 loqui
220 3042 254 3105 in
283 3041 401 3106 Latino
435 3065 580 3109 sermons
612 3066 679 3108 non
710 3044 782 3128 plus
816 3043 921 3109 solere
949 3066 1047 3128 quam
1075 3043 1103 3106 in

101 3128 223 3193 Gracco
247 3128 372 3194 Latine.
460 3161 475 3173 ·=

167 3217 207 3281 A.
240 3217 285 3281 Et
312 3220 398 3280 recte
425 3218 562 3301 quidem.
608 3217 670 3284 Sed
698 3241 778 3302 quae
808 3219 939 3284 tandem
963 3224 1014 3284 est
1035 3218 1104 3301 Epi·

101 3305 224 3368 charmi
246 3305 311 3392 1111
333 3305 515 3368 sententia?
1114 3326 1135 3365 11

166 3399 211 3456 Μ.
233 3391 365 3455 Emori
387 3392 491 3471 nolo,
514 3393 578 3457 sed
603 3415 658 3457 me
682 3415 765 3458 esse
784 3395 976 3459 mortuum
994 3393 1105 3460 nihili

849 3483 1023 3549 aestimo.
