2356 3870
264 175 334 230 ΜΒ.
352 176 400 230 m.
429 175 505 232 car.
526 184 646 233 11-1a
673 154 829 269 sae-cd
990 179 1053 244 187

71 334 221 401 discrimen
234 336 377 420 adduxit,
394 341 567 421 propterea
585 339 670 423 quod
687 360 831 424 pugnare
850 363 916 406 non
930 341 1055 406 destitit

69 421 199 488 inomni
226 423 289 488 hac
311 426 513 508 quaestione,
542 447 625 509 quae
648 426 803 491 debonis
827 432 859 491 et
881 429 974 492 malis
998 451 1053 512 ap·

68 510 198 594 pelletur,
214 533 283 576 non
299 532 369 576 esse
387 533 493 577 rerum
512 511 629 578 Stoicis
648 534 720 578 cum
736 514 961 598 Peripateticis
978 538 1052 582 con-

67 600 254 681 troversiam,
276 600 333 664 sed
355 601 532 666 nominum
567 599 650 665 Mihi
668 604 776 666 autem
794 601 876 667 nihil
893 606 961 667 tam
984 625 1053 686 per·

50 687 194 769 sepianum
222 687 362 765 videtur,
392 709 489 774 quam
516 688 576 751 has
604 689 781 753 sententias
808 711 919 754 eorum
947 689 1052 773 philo·

66 774 224 857 sophorum
250 796 286 839 re
312 775 397 839 inter
423 797 457 839 se
484 776 589 861 magis
616 798 714 860 quam
746 777 854 841 verbis
883 777 1052 859 dissidere3

66 862 204 927 umorem
231 863 333 927 multo
360 862 446 927 inter
472 861 598 928 Stoicos
627 868 660 927 et
685 865 919 947 Peripateticos
946 887 1052 930 rerum

66 968 121 1013 esse
146 951 197 1014 aio
226 949 475 1033 discrepantiam
503 973 599 1034 quam
625 952 810 1034 verborum,
837 952 957 1036 quippe
979 975 1052 1018 cum

66 1031 255 1120 Peripatetici
273 1037 390 1119 omnia,
413 1059 495 1121 quae
512 1039 577 1122 ipsi
596 1039 681 1103 bona
698 1040 872 1123 appellant,
890 1041 1052 1123 pertinere

42 1121 155 1188 ardeant
177 1123 219 1189 ad
241 1125 335 1189 beate
357 1125 540 1209 vivendum,
562 1126 668 1191 nostri
689 1148 756 1191 non
779 1149 817 1192 ex
840 1128 943 1210 omni,
967 1128 1052 1212 quod

65 1212 273 1277 aestimatione
288 1211 397 1296 aliqua
415 1213 549 1296 dignum
563 1213 615 1296 sit,
633 1214 787 1298 compleri
801 1216 904 1279 vitam
922 1216 1051 1281 beatam

66 1301 169 1483 intelli
203 1407 280 1452 vero
320 1388 436 1452 certius
478 1389 647 1472 quicquam
693 1393 804 1473 potest
843 1412 914 1472 esse
954 1412 1051 1475 quam
1066 1355 1104 1478 ΞΥΞ

49 1471 174 1562 ¹llorum
206 1474 346 1557 ratione,
377 1475 433 1558 qui
463 1475 606 1541 dolorem
632 1477 666 1540 in
693 1476 787 1540 malis
815 1483 954 1561 ponunt,
984 1500 1051 1543 non

41 1576 142 1640 sposse
164 1563 345 1646 sapientem
367 1563 498 1626 beatum
516 1584 600 1646 esse,
623 1585 696 1628 cum
714 1564 823 1628 eculeo
840 1565 1051 1647 torqueatur?

62 1643 168 1715 horum
200 1655 324 1730 autem,
360 1650 416 1733 qui
453 1650 597 1715 dolorem
633 1651 668 1715 in
698 1651 793 1714 malis
824 1673 890 1716 non
922 1650 1051 1734 habent,

61 1739 130 1802 ratio
152 1743 239 1802 certe
258 1738 359 1822 cogit,
382 1742 418 1802 ut
436 1738 470 1801 in
488 1739 635 1802 omnibus
653 1737 824 1803 tormentis
845 1743 1051 1802 conservetur

60 1821 143 1890 leam
160 1827 230 1890 vita
252 1825 400 1908 sapienti.
435 1819 567 1889 Etenim
586 1825 615 1889 si
637 1826 764 1891 dolores
787 1825 915 1890 eosdem
935 1826 1050 1890 tolera·

59 1906 142 1978 bilius
164 1914 345 1996 patiuntur,
372 1913 427 1996 qui
446 1913 619 1995 ‘excipiunt
641 1934 696 1978 eos
722 1935 781 1996 pro
804 1913 925 1996 patria,
955 1935 1050 1997 quam

40 2001 102 2084 iqui
126 2001 247 2066 leviore
275 2000 314 2064 de
339 2022 449 2083 causa,
477 2001 587 2083 opinio
614 2000 706 2083 facit,
733 2023 799 2066 non
824 2005 966 2083 natura,
982 2001 1050 2066 vim

54 2087 167 2154 doloris
190 2094 248 2153 aut
271 2089 427 2152 maiorem
450 2092 507 2151 aut
529 2088 695 2153 minorem.
739 2087 789 2153 Ne
818 2088 900 2152 illud
922 2089 1048 2172 quidem
1068 2111 1101 2158 43

52 2179 97 2240 est
121 2179 385 2258 consentaneum,
414 2179 464 2258 ut,
491 2175 533 2257 si,
561 2197 634 2239 cum
660 2175 725 2255 tria
752 2196 871 2260 genera
893 2177 1051 2242 bonorum

51 2263 126 2346 sint,
153 2285 236 2347 quae
263 2263 425 2328 sententia
451 2266 502 2326 est
527 2263 830 2346 Peripateticorum,
857 2285 895 2328 eo
924 2265 1051 2329 beatior

49 2353 100 2504 ΞΥ
102 2373 180 2504 ΥΞΞΞ
198 2351 339 2503 {latui
350 2351 563 2502 ΥΥΞΞΞΞΞΞ
574 2354 634 2502 ΥΞΞ
647 2352 787 2502 ΥΞ8
795 2351 939 2501 ΞΥΥΥΞΞ
941 2351 1051 2502 ΥΥΞΞΞΞ

49 2525 165 2592 babeat
192 2548 243 2609 ea,
270 2460 414 2609 quodpin
445 2546 580 2609 corpore
608 2526 718 2610 magni
746 2459 978 2607 iestihilnruri
1006 2525 1050 2588 sit

49 2614 181 2680 beatior.
225 2613 279 2677 llli
302 2615 387 2677 enim
409 2613 552 2695 corporis
575 2613 752 2677 commodis
771 2611 926 2694 compleri
947 2613 1050 2675 vitam

48 2702 175 2767 beatam
206 2705 336 2785 putant,
367 2701 471 2765 nostri
502 2700 583 2764 nihil
615 2700 730 2764 minus.
784 2700 870 2764 Nam
900 2720 972 2763 cum
1002 2699 1051 2763 ite

47 2790 188 2873 placeat,
213 2810 254 2853 ne
271 2810 392 2852 eorum
419 2786 549 2871 quidem
574 2788 746 2870 bonorum,
773 2808 854 2870 quae
881 2809 941 2851 nos
964 2787 1049 2851 bona

47 2899 117 2942 cere
140 2877 353 2961 appellemus,
375 2875 557 2957 frequentia
579 2875 758 2940 beatiorem
776 2875 879 2938 vitam
902 2875 970 2938 fieri
994 2878 1050 2938 aut

46 2967 150 3050 magis
186 2964 398 3047 expetendam
434 2967 491 3027 aut
532 2963 635 3045 pluris
676 2962 924 3045 aestimandam,
963 2967 1050 3027 certe

45 3053 151 3118 minus
184 3052 224 3116 ad
252 3051 381 3116 beatam
409 3051 509 3115 vitam
535 3049 677 3132 pertinet
702 3050 876 3114 multitudo
906 3050 1049 3134 corporis

43 3138 296 3207 commodorum
345 3138 489 3220 Etenim,
517 3137 546 3201 si
572 3141 606 3201 et
633 3158 745 3220 sapere
773 3137 984 3221 expetendum
1007 3136 1051 3200 sit
1068 3158 1103 3205 44

41 3232 77 3295 et
103 3228 226 3310 valere,
257 3226 464 3292 coniunctum
497 3229 668 3308 utrumque
700 3226 804 3308 magis
837 3223 1050 3307 expetendum

40 3317 87 3383 sit
112 3336 212 3401 quam
240 3335 353 3398 sapere
381 3313 499 3394 solum,
530 3334 634 3396 neque
664 3316 787 3394 tamen,
819 3312 848 3375 si
879 3314 1049 3393 utrumque

40 3405 87 3471 eit
108 3402 337 3468 aestimatione
360 3401 506 3485 dignum,
532 3400 636 3483 pluris
659 3400 703 3464 sit
725 3399 930 3464 coniunctum
953 3418 1049 3479 quam

40 3511 157 3577 rapere
179 3490 287 3574 ipsum
310 3488 493 3572 separatim.
529 3486 614 3552 Nam
636 3487 692 3571 qui
714 3485 932 3550 valetudinem
955 3483 1050 3549 aesti-
