2346 3876
150 163 201 218 un
220 162 291 221 rur.
309 162 391 220 nou.
410 163 459 220 nn
478 163 562 218 nnn.
595 136 663 220 nro.
681 165 703 219 1.
731 163 808 220 osu.
828 171 851 220 1.
879 169 894 231 s
914 170 999 220 1-3.
1043 163 1085 228 93

75 323 197 378 maxime
216 323 254 378 ab
272 339 306 379 eo
323 322 437 379 laudari
449 325 479 379 et
493 323 650 380 confirmari
667 324 703 380 ab
722 323 845 380 utilitate
862 324 1086 394 proficiscentem

75 398 145 465 (cap.
172 397 228 462 20).
271 394 415 450 Summam
437 394 524 464 igitur
545 394 669 466 gretiam
691 395 812 466 Epicuro
833 395 994 450 habendam
1015 412 1085 463 esse,

76 465 122 533 qui
144 467 264 520 naturae
287 465 351 520 voci
373 481 475 536 parens
496 465 573 521 viam
594 466 694 521 beatae
718 467 747 520 et
770 465 882 534 quietae
904 466 981 521 vitae
1007 469 1085 520 mo'n-

76 535 209 591 straverit
228 539 298 606 (cap.
317 538 370 606 21).

162 677 240 745 Non
259 701 348 745 eram
365 682 505 765 nescius,
527 679 641 765 Brute,
664 702 751 764 oum,
774 702 855 764 quae
879 681 1014 744 summis
1036 650 1122 773 in}

77 789 179 921 cll?
201 771 447 943 tutudit,
471 768 836 922 tdlttntllttll
850 766 1084 940 illuct,

78 943 143 1010 fore
167 947 206 1009 ut
233 944 287 1010 hio
309 949 420 1010 noster
446 945 541 1012 labor
562 945 597 1010 in
618 945 725 1009 varias
748 945 1013 1027 reprehensiones
1036 946 1084 1008 in·

58 1037 228 1098 rcumeret.
271 1030 358 1098 Nam
381 1032 587 1119 quibusdam,
613 1036 647 1097 et
668 1033 709 1097 iis
737 1033 866 1118 quidem
887 1055 955 1098 non
977 1034 1085 1099 admo·

79 1120 150 1186 dum
174 1121 330 1205 indoctis,
351 1124 457 1186 totum
474 1121 538 1187 hoo
556 1121 716 1205 displicet,
739 1121 972 1206 philosophari.
1008 1122 1084 1198 Qui·

78 1208 147 1274 dam
177 1213 289 1274 autem
315 1230 381 1274 non
409 1214 478 1275 tam
509 1210 543 1274 id
574 1208 827 1294 reprehendunt,
858 1211 887 1275 si
917 1212 1084 1279 remissius

78 1302 205 1383 agatur,
234 1296 290 1361 sed
312 1301 439 1362 tantum
466 1298 607 1362 studium
634 1301 765 1382 tamque
792 1299 928 1364 multam
952 1321 1084 1384 operam

77 1387 261 1470 ponendam
283 1387 318 1449 in
340 1407 378 1451 eo
400 1407 467 1451 non
490 1385 696 1452 arbitrantur.
740 1385 847 1450 Erunt
869 1388 981 1471 etiam,
1007 1391 1040 1452 et
1061 1389 1084 1451 ii

51 1497 69 1536 n
78 1474 205 1558 quidem
229 1473 347 1538 eruditi
368 1473 500 1539 Graecis
522 1474 655 1553 litteris,
678 1477 920 1539 contemnentes
940 1473 1084 1558 Latinas,

78 1563 126 1647 qui
150 1584 188 1627 se
212 1560 323 1627 dicant
348 1562 384 1627 in
405 1561 538 1628 Graecis
565 1563 710 1646 legendis
733 1583 864 1646 operam
890 1563 988 1627 malle
1011 1585 1084 1628 oon·

77 1671 209 1716 sumere.
255 1650 425 1716 Postremo
452 1651 577 1734 aliquos
603 1650 729 1716 futuros
758 1650 917 1734 suspicor,
945 1651 1000 1735 qui
1032 1673 1084 1716 me

78 1739 112 1804 ad
136 1739 223 1804 alias
246 1739 524 1823 litteratiorem,
547 1759 648 1825 genus
671 1738 733 1804 hoc
756 1738 929 1820 scribendi,
957 1739 1019 1803 etsi
1042 1739 1086 1802 sit

78 1828 223 1913 elegans,
254 1847 411 1910 personae
443 1831 552 1893 temen
584 1831 618 1892 et
648 1826 819 1912 dignitatis
856 1847 926 1891 esse
957 1831 1084 1912 negent.
1141 1881 1148 1894 .

53 1913 198 1980 uOontra
222 1936 304 1999 quos
324 1917 428 1983 omnis
446 1915 617 1981 dicendum
636 1916 777 1980 breviter
790 1914 954 1997 existim03
974 1937 1083 2000 quum·
1102 1929 1118 1979 2

80 2024 171 2087 qnam
202 2004 431 2088 philosophiae
458 2004 587 2089 quidem
619 2002 892 2087 vituperatoribus
925 2004 1004 2068 setis
1036 2026 1084 2068 re·

80 2113 233 2176 sponsum
265 2095 314 2156 est
341 2113 378 2157 eo
405 2093 504 2175 libro,
533 2094 595 2176 qud
624 2114 644 2156 e
670 2092 766 2157 nobis
793 2091 1003 2176 philosophia
1033 2092 1085 2156 de

80 2179 168 2246 tensa
196 2184 231 2245 et
253 2180 438 2246 collaudata
460 2186 523 2264 est,
551 2202 624 2245 eum
654 2184 741 2245 esset
768 2184 918 2245 accusatu
945 2184 978 2244 et
1000 2180 1084 2245 vitu-

81 2273 190 2351 perata
213 2269 256 2333 ab
279 2265 465 2356 Hortensio.
502 2267 564 2344 Qui
587 2268 670 2333 liber
692 2289 766 2333 cum
789 2271 822 2334 et
843 2269 906 2334 tibi
928 2269 1084 2352 probatus

57 2357 240 2422 uuideretur
268 2360 301 2421 et
327 2357 382 2441 iis,
410 2378 490 2442 quos
518 2377 579 2443 ego
606 2377 702 2438 posse
728 2357 869 2421 iudicare
902 2357 1085 2440 arbitrarer,

80 2445 171 2527 'plura
203 2445 333 2528 suscepi
362 2446 498 2529 veritus,
533 2466 574 2509 ne
609 2465 737 2510 movere
778 2444 945 2520 hominum
977 2444 1085 2508 studia

81 2533 213 2617 viderer,
242 2533 380 2598 retinere
407 2554 473 2598 non
498 2554 604 2617 posse.
654 2532 716 2609 Qui
744 2535 864 2615 autem,
895 2533 923 2596 si
945 2533 1084 2595 maxime

80 2618 137 2687 hoc
159 2622 302 2706 placeat,
328 2621 525 2687 moderatius
552 2623 662 2685 tamen
688 2621 722 2684 id
749 2621 863 2685 volunt
889 2618 973 2702 fieri,
1001 2619 1084 2683 diffi-

82 2709 170 2774 cilem
199 2710 363 2794 quandam
389 2709 637 2793 temperantium
663 2708 831 2793 postulant
856 2709 890 2772 in
918 2728 970 2790 eo,
1000 2708 1085 2792 quod

57 2799 177 2863 usamel
207 2797 383 2863 admissum
411 2797 550 2863 co'e’roeri
579 2797 773 2881 reprimique
800 2818 865 2863 non
894 2799 1016 2880 potest,
1048 2801 1085 2862 ut

81 2884 311 2970 propemodum
354 2885 542 2952 iustioribus
578 2889 709 2950 utamur
743 2883 823 2966 illis,
864 2884 918 2969 qui
955 2885 1084 2950 omnino

82 2977 215 3040 avocent
238 2995 258 3037 a
279 2972 498 3058 philosophia,
524 2994 623 3058 quam
648 2973 713 3056 his,
739 2972 795 3057 qui
822 2973 917 3038 rebus
948 2973 1084 3038 infinitis

82 3062 211 3137 modum
237 3062 437 3127 constituant
462 3061 498 3126 in
524 3083 620 3146 reque
648 3081 686 3126 eo
714 3060 846 3124 meliore
853 3110 862 3144 ,
890 3083 953 3146 quo
980 3061 1085 3126 maior

82 3149 134 3233 rit,
156 3149 417 3215 mediocritatem
439 3149 629 3231 desiderent.
680 3145 753 3213 Sive
779 3149 865 3213 onim
894 3149 933 3213 ad
959 3149 1119 3233 sapien-3

56 3238 158 3302 otiam
185 3238 346 3321 perveniri
372 3241 494 3322 potest,
520 3258 586 3302 non
612 3236 758 3321 paranda
783 3237 877 3303 nobis
906 3237 1011 3302 solum
1038 3257 1085 3318 ea„

82 3325 134 3390 sed
161 3325 298 3390 fruenda
324 3326 422 3391 etiem
450 3329 513 3408 est3
541 3326 609 3391 sive
635 3324 698 3390 hoc
725 3323 857 3388 difficile
885 3327 947 3406 est,
973 3327 1084 3387 tamen

81 3434 137 3477 neo
158 3412 274 3480 modus
298 3417 348 3478 est
369 3415 456 3479 ullus
479 3411 696 3498 investigandi
718 3412 800 3495 veri,
828 3411 892 3475 nisi
914 3410 1085 3493 inveneris,

82 3505 113 3566 et
142 3501 314 3587 quaerendi
346 3501 536 3587 defetigatio
568 3501 672 3588 turpis
710 3503 775 3587 est,
810 3519 887 3567 uum
917 3495 972 3583 id,
1003 3499 1096 3583 unuh
