2346 3876
113 175 178 238 246
275 175 323 230 oa
341 171 487 230 rmrsus
504 175 684 231 Bonorum
702 176 750 231 ar
768 138 955 234 mooun

60 361 94 409 aa
114 337 280 402 desideret.
333 338 438 414 Quare
470 360 542 403 cum
574 338 710 403 dicimus
743 339 892 403 omnibus
926 340 1112 404 animalibus

114 433 291 491 extremum
323 447 393 491 csse
430 426 603 491 secundum
634 430 784 490 naturam
816 427 939 511 vivere,
973 450 1040 492 non
1072 429 1113 492 ita

114 514 333 597 accipiendum
359 517 422 597 cst,
451 514 543 598 quasi
570 513 715 578 dicamus
742 536 843 578 unum
875 536 947 580 esse
979 516 1114 581 omnium

114 606 306 685 extremum,
334 601 390 666 sed
421 604 459 665 ut
486 602 630 666 omnium
657 602 776 666 artium
803 602 986 682 rectendici
1014 607 1115 688 potest

114 711 281 755 commune
304 711 387 773 esse,
411 689 504 753 utin
526 690 636 773 aliqua
659 690 794 754 scientia
816 695 1001 776 versentur,
1024 693 1132 757 scien-s

113 780 194 843 tiam
226 781 334 843 autem
361 799 452 842 suam
480 776 632 861 cuiusque
655 778 736 842 artis
764 799 848 862 esse,
876 779 925 844 sic
955 801 1114 845 commune

114 866 300 931 animalium
333 865 478 930 omnium
510 865 684 930 secundum
719 870 870 930 naturam
907 867 1031 951 vivere,
1067 867 1115 933 sed

113 957 247 1019 naturas
279 975 349 1018 esse
381 953 539 1037 diversas,
570 955 608 1017 ut
639 952 726 1017 aliud
759 976 840 1038 equo
872 955 916 1019 sit
948 978 966 1020 e
998 960 1115 1038 natura,

113 1042 203 1106 aliud
221 1042 310 1124 bovi,
330 1041 417 1105 aliud
435 1041 569 1125 homini,
592 1044 625 1105 et
643 1042 782 1106 tamen
771 1064 806 1106 m
824 1043 977 1108 omnibus
996 1066 1116 1109 summa

112 1130 307 1207 communis,
334 1133 368 1193 et
394 1128 523 1215 quidem
549 1151 615 1194 non
638 1131 776 1195 solum'
766 1153 800 1194 1n
828 1130 1041 1217 animalibus,
1068 1131 1143 1218 sedo

115 1218 212 1281 ctiam
235 1214 270 1280 in
292 1217 388 1282 rebus
411 1217 609 1283 omnibus‘'
586 1240 641 1297 us,
669 1240 748 1302 quas
770 1221 887 1283 natura
916 1220 988 1304 alit,
1017 1224 1116 1306 auget

114 1305 291 1390 tuetur31n
314 1306 429 1389 quibus
448 1306 592 1384 videmus
611 1327 662 1390 ea,
686 1328 768 1406 quae
791 1307 973 1392 gignuntur
991 1329 1008 1371 e
1027 1312 1117 1391 terra,

113 1394 218 1458 multa
183 1393 385 1477 tquodam
411 1380 508 1459 modo
536 1393 698 1459 efficere
689 1417 761 1478 1psa
792 1394 855 1459 sibi
882 1416 941 1478 per
967 1418 1014 1480 se,
1043 1417 1117 1480 quae

114 1483 155 1546 ad
181 1481 352 1546 vivendum
381 1481 647 1566 crescendumque
678 1483 821 1566 valeant,
850 1486 887 1546 ut
915 1505 975 1549 suo
1006 1505 1118 1569 genere

112 1569 303 1654 perveniant
331 1568 371 1634 ad
400 1575 454 1634 ext
455 1592 590 1653 remum3
617 1571 691 1634 ut
681 1592 747 1634 ram
770 1532 868 1635 liobat
889 1592 956 1637 una
978 1594 1118 1656 compre
1130 1601 1150 1639 o

113 1658 268 1723 hensione
296 1658 405 1722 omnia
432 1658 603 1741 complecti
629 1680 695 1723 non
722 1659 989 1760 dubitantemque
1017 1661 1119 1725 dicere

115 1768 243 1811 omnem
270 1750 418 1811 naturam
448 1767 517 1810 esse
550 1746 756 1811 servatricem
789 1747 838 1810 sui
870 1747 968 1831 idque
1000 1747 1120 1813 habere

39 1829 43 1839 ’
113 1835 318 1919 propositum
341 1834 434 1919 quasi
456 1834 552 1898 finem
577 1837 609 1898 et
631 1838 823 1918 extremum,
846 1856 880 1899 se
903 1838 940 1899 ut
959 1837 1122 1902 custodiat

114 1944 209 2007 quam
241 1923 275 1986 in
306 1923 430 2005 optimo
462 1922 513 1987 sui
545 1923 672 2008 generis
705 1925 805 2006 stetin
842 1927 878 1987 ut
913 1945 1046 1990 necesse
1080 1926 1122 1989 sit

115 2011 259 2075 omnium
287 2031 408 2093 rerum,
440 2031 522 2094 quae
554 2014 671 2075 natura
702 2011 846 2094 vigeant,
879 2011 1020 2076 similem
1054 2034 1159 2082 ossea

113 2099 223 2179 finem,
252 2118 320 2162 non
343 2098 486 2162 eundem.
530 2098 581 2162 Ex
609 2120 671 2182 quo
699 2099 845 2183 intellegi
873 2098 971 2163 debet
996 2099 1124 2165 homini

114 2186 145 2249 id
170 2206 239 2250 esse
261 2185 412 2250 inbonis
434 2186 598 2271 ult't,1mum
626 2186 800 2251 secundum
826 2189 978 2251 naturam
1006 2189 1125 2271 vivere,

115 2272 716 2357 quodita1ntterpreemurzvivere
751 2296 790 2339 ex
824 2275 967 2339 hominis
1004 2281 1125 2341 natura

60 2383 93 2431 ‘27
113 2361 253 2445 undique
290 2361 433 2445 perfecta
469 2366 502 2427 et
532 2363 616 2427 nihil
651 2362 843 2446 requirente
899 2363 989 2427 Haeo
1023 2365 1125 2450 igitur

113 2450 207 2516 nobis
226 2449 435 2602 explicandat
434 2453 517 2533 sunt,
495 2450 638 2515 tsed
611 2472 640 2514 s1
658 2451 835 2535 enodatius,
856 2472 916 2516 vos
934 2450 1124 2536 ignoscetis.
1138 2481 1161 2522 aa

113 2538 218 2604 Huius
238 2538 323 2602 enim
347 2541 420 2603 aeta
401 2541 447 2602 1
465 2559 550 2603 nunc
572 2538 652 2603 haec
674 2539 824 2640 primum·
832 2539 971 2628 fortasse
990 2540 1125 2605 audien·

112 2627 156 2691 tis
189 2627 308 2690 servire
340 2626 502 2691 debemus.
554 2625 606 2691 Ita
637 2648 783 2710 prorsus,
814 2627 959 2709 inquam3
992 2629 1058 2692 etsi
1087 2650 1125 2693 ea

67 2756 70 2762 «
113 2715 254 2798 quidem,
277 2734 357 2797 quae
377 2714 480 2779 adhuc
499 2713 623 2798 dixisti,
646 2715 792 2796 quamvis
811 2715 851 2779 ad
872 2718 1012 2779 aetatem
1036 2721 1125 2782 recte

113 2802 176 2866 isto
199 2802 297 2866 modo
319 2801 507 2867 dicerentur.

62 2984 103 3047 10
178 2976 337 3061 Exposita
368 2977 482 3062 igitur,
513 2979 632 3062 inquit,
669 2980 895 3045 terminatione
927 3001 1038 3045 rerum
1070 3003 1122 3047 ex·
1137 3010 1162 3049 ao

113 3065 335 3149 petendarum,
359 3086 414 3128 eur
436 3065 501 3130 ista
519 3088 553 3135 se
571 3088 623 3131 res
646 3068 694 3132 ita
716 3067 848 3152 habeat,
871 3071 909 3131 ut
928 3067 1010 3152 dixi,
1034 3069 1123 3136 dein·

112 3175 188 3237 ceps
221 3153 503 3218 demonstrandum
537 3159 594 3219 est.
649 3155 753 3231 Quam
783 3157 825 3221 ob
857 3177 925 3219 rem
957 3156 1124 3223 ordiamur

114 3243 154 3307 ab
173 3263 225 3325 eo,
247 3241 332 3344 quod
350 3242 492 3324 primum
509 3244 616 3327 posui,
640 3244 725 3326 quod
744 3244 829 3308 idem
847 3265 962 3327 reapse
980 3247 1122 3328 primum

113 3333 176 3412 est,
198 3331 292 3394 utin
295 3331 488 3413 tellegamus
511 3351 605 3394 omne
633 3332 754 3396 animal
782 3355 815 3396 se
842 3332 949 3415 ipsum
979 3332 1122 3418 diligere.

113 3380 205 3493 Quid
236 3439 428 3520 quamquam
457 3417 550 3481 dubit
535 3418 692 3483 tationem
718 3440 785 3485 non
813 3419 913 3484 habet
942 3416 1008 3503 (est
1035 3421 1122 3486 enim
1135 3446 1159 3487 as

59 3506 276 3572 infixum
262 3529 297 3574 rn
320 3507 395 3594 ipsa
418 3509 537 3573 natura
559 3507 896 3592 comprehenditurque
922 3506 991 3572 suis
1018 3509 1123 3574 cuius-
