2346 3876
105 172 170 237 104
264 171 312 227 DE
331 170 476 227 nmmos
494 170 675 229 BONORUM
692 172 741 226 ΕΤ
758 170 945 228 MALORUM

103 337 160 399 aut
183 334 224 398 ad
245 337 396 398 naturam
415 337 471 399 aut
489 337 602 399 contra
621 334 678 417 sit,
701 339 855 402 enatura
875 334 948 418 ipsa
969 335 1116 410 iudicari.

101 421 251 507 Ecquid
274 423 414 506 percipit
436 424 492 487 aut
515 422 593 507 qnid
615 422 751 506 iudicat,
774 444 837 507 quo
862 426 920 488 aut
942 428 1036 508 petat
1059 430 1115 491 aut

50 510 209 596 31fi1giat
232 511 363 595 aliquid,
385 514 514 596 praeter
535 511 738 595 uoluptatem
762 513 795 575 et
817 510 986 576 dolorem?
1032 511 1116 578 Sunt

103 603 212 664 autem
243 598 375 683 quidam
406 621 424 664 e
454 599 591 683 nostris,
626 599 681 683 qui
717 598 798 664 haec
829 598 983 666 subtilius
1014 602 1116 666 velint

102 688 231 753 tradere
254 690 287 752 et
309 690 430 772 negent
448 688 527 752 satis
547 708 629 771 csse,
652 687 729 770 quid
746 687 869 753 bonum
892 688 937 752 sit
957 693 1016 754 ant
1038 690 1140 774 quide

102 776 239 859 malum,
268 797 365 840 sensu
391 775 540 859 iudicari,
571 775 627 840 sed
656 775 764 840 animo
793 776 892 841 etiam
920 799 957 842 ac
990 778 1115 844 ratione

102 865 248 949 intellegi
275 885 372 946 posse
399 867 433 928 et
459 864 659 946 voluptatem
686 864 792 947 ipsam
819 884 877 947 per
904 886 938 929 se
967 886 1038 930 esse
1065 889 1115 931 cx·

101 952 274 1036 petendam
303 955 336 1016 et
363 952 508 1018 dolorem
535 951 643 1035 ipsum
670 973 731 1035 per
757 972 792 1017 se
820 973 889 1023 osse
917 952 1114 1038 fugiendum.

100 1040 215 1125 Itaque
242 1040 334 1105 aiunt
358 1039 442 1105 hauc
469 1040 563 1124 quasi
589 1040 773 1109 naturalem
796 1043 892 1124 atque
921 1041 1057 1107 insitam
1080 1043 1113 1108 in

102 1129 219 1194 animis
247 1128 368 1193 nostris
394 1127 501 1193 inesse
526 1128 707 1212 notionem,
734 1132 772 1193 ut
798 1128 937 1200 alterum
963 1151 1036 1197 esse
1060 1152 1150 1215 apro

101 1216 286 1303 petendum,
329 1217 466 1282 alterum
509 1215 746 1300 aspernandum
791 1217 978 1283 sentiamus.
1046 1218 1113 1284 Alii

101 1308 222 1388 autem,
245 1304 361 1388 quibus
387 1325 447 1389 ego
471 1304 644 1390 assentior,
667 1326 741 1375 cum
763 1326 783 1371 a
805 1305 1010 1389 philosophis
1031 1328 1113 1372 oom-

101 1392 249 1478 pluribus
271 1393 434 1476 permulta
452 1393 612 1476 dicantur,
635 1414 692 1456 cur
708 1413 769 1458 nec
785 1393 937 1478 voluptas
960 1394 998 1459 in
1017 1395 1112 1460 bonis

102 1481 146 1546 sit
176 1480 374 1545 numeranda
404 1501 464 1545 nec
494 1481 530 1545 in
560 1481 656 1545 malis
689 1480 795 1566 dolor,
831 1502 895 1547 non
925 1482 1112 1548 existimant

102 1573 250 1654 oportere
277 1569 414 1634 nimium
426 1590 501 1663 ⁸‘nos
529 1590 645 1634 causae
674 1569 847 1653 confidere,
874 1570 930 1635 sed
958 1573 993 1635 et
1021 1592 1147 1657 argu-rs

101 1657 310 1723 mentandum
329 1662 363 1723 et
381 1661 529 1724 accurate
553 1657 774 1722 disserendum
793 1661 826 1722 et
843 1657 1027 1724 rationibus
1042 1681 1112 1724 con·

50 1801 67 1864 1
102 1745 229 1831 quisitis
263 1746 301 1810 dc
333 1746 500 1828 voluptate
528 1748 560 1809 et
590 1745 700 1810 dolore
728 1745 958 1829 disputandum
987 1751 1112 1832 putant

48 1802 91 1927 33
169 1833 231 1900 Sed
258 1837 296 1898 ut
322 1833 539 1917 perspicietis,
565 1833 649 1898 unde
677 1834 782 1899 omnis
809 1834 872 1899 iste
898 1837 997 1899 natus
1025 1857 1112 1900 error

102 1922 146 1987 sit
175 1922 378 2003 voluptatem
411 1921 631 1986 accusantium
666 1921 871 2007 doloremque
902 1922 1112 2006 laudantium,

100 2014 206 2075 totam
227 2031 296 2074 rem
314 2008 458 2092 aperiam
476 2030 576 2094 eaque
594 2010 681 2094 ipsa,
703 2032 785 2094 quae
805 2011 846 2076 ab
866 2010 923 2076 illo
942 2011 1109 2077 inventore
1121 2036 1148 2076 so

101 2097 249 2163 veritatis
273 2100 306 2161 et
332 2098 425 2181 quasi
453 2097 629 2164 architecto
658 2098 774 2165 beatae
796 2100 883 2163 uitae
911 2099 999 2164 dicta
1026 2104 1111 2184 sunt,

101 2185 276 2270 explicabo.
325 2185 429 2251 Nemo
457 2187 544 2251 enim
574 2186 680 2270 ipsam
712 2188 926 2272 voluptatem,
953 2189 1031 2271 quia
1059 2210 1111 2254 vo·

100 2275 209 2358 luptas
237 2273 294 2357 sit,
322 2276 513 2358 aspernatur
545 2279 602 2338 aut
636 2275 706 2341 odit
733 2279 790 2339 aut
815 2275 915 2360 fugit,
949 2275 1005 2340 sed
1038 2277 1113 2360 quia

101 2364 339 2447 consequuntur
365 2363 478 2448 magni
506 2362 633 2428 dolores
661 2384 732 2447 eos,
763 2363 818 2447 qui
845 2363 970 2428 ratione
1000 2365 1111 2448 volup·

100 2454 203 2516 tatem
226 2451 317 2535 sequi
337 2452 499 2535 nesciunt;
524 2472 627 2535 neque
645 2473 743 2535 porro
767 2451 939 2534 quisquam
962 2454 1025 2531 est,
1058 2453 1148 2537 quis

101 2540 246 2606 dolorem
281 2540 402 2623 ipsum,
440 2540 515 2624 quia
547 2539 640 2604 dolor
672 2539 727 2622 sit,
764 2543 864 2623 amet,
901 2544 1112 2623 consectetur,

103 2628 239 2713 adipisci
261 2628 353 2712 velit,
376 2627 432 2693 scd
455 2628 619 2712 quianon
636 2648 813 2711 numquam
831 2627 900 2692 eius
920 2627 1009 2692 modi
1032 2632 1113 2693 tem-

100 2737 179 2799 pora
206 2715 365 2799 incidunt,
392 2718 429 2780 ut
456 2715 567 2780 labore
595 2720 628 2779 ot
654 2715 765 2780 dolore
788 2735 941 2800 magnam
970 2717 1113 2800 aliquam

54 2869 57 2877 ,
100 2806 235 2888 quaerat
264 2805 473 2887 voluptatem.
533 2802 580 2868 Ut
616 2805 702 2868 enim
734 2802 775 2868 ad
809 2803 944 2868 minima
976 2805 1114 2887 veniam,

100 2893 172 2975 quis
199 2894 348 2956 nostrum
376 2890 641 2956 exercitationem
667 2892 773 2956 ullam·
797 2891 943 2975 corporis
976 2893 1151 2977 suscipitso

100 2979 313 3062 laboriosam,
343 2979 407 3044 nisi
439 2982 476 3043 ut
507 2979 629 3063 aliquid
666 3001 705 3044 ex
737 3002 775 3046 ea
807 2980 967 3045 commodi
1004 3002 1113 3046 conse·

101 3066 240 3152 quatur?
269 3068 339 3152 quis
368 3070 476 3132 autem
503 3068 555 3134 vel
582 3089 655 3132 eum
682 3068 751 3132 iure
774 3066 1031 3152 reprehenderit,
1059 3068 1115 3153 qui

100 3156 136 3220 in
159 3177 197 3220 ea
219 3155 386 3239 voluptate
408 3155 488 3220 velit
510 3177 593 3240 esse,
619 3178 716 3240 quam
738 3156 821 3220 nihil
844 3155 1015 3222 molestiae
1039 3177 1115 3221 con·

102 3247 270 3328 sequatur,
301 3244 354 3310 vel
384 3245 493 3329 illum,
525 3245 581 3329 qui
614 3243 759 3310 dolorem
791 3265 865 3309 eum
896 3244 1019 3328 fngiat,
1050 3265 1114 3329 quo

49 3350 82 3399 33
101 3333 253 3416 voluptas
276 3332 367 3398 nulla
389 3332 556 3416 pariatur?
607 3332 653 3396 At
675 3354 751 3398 vero
780 3353 835 3397 eos
864 3335 896 3396 et
924 3352 1153 3397 accusamusss

104 3423 137 3484 et
154 3421 241 3486 iusto
261 3421 334 3487 odio
354 3421 563 3506 dignissimos
583 3420 741 3504 ducimus,
764 3421 818 3505 qui
836 3420 1005 3485 blanditiis
1023 3441 1115 3505 prae·

93 3509 239 3574 sentium
284 3509 490 3595 uoluptatum
532 3508 664 3576 deleniti
703 3513 800 3592 atquc
838 3508 998 3593 corrupti,
1034 3529 1115 3594 quos
