2346 3876
105 169 168 232 186
265 168 314 221 DE
332 167 478 222 FINIBUS
495 166 676 247 ronchum
694 167 742 221 ΕΤ
761 166 945 222 unionum

103 351 201 414 quam
218 330 276 393 illa
294 329 414 410 media,
437 349 518 412 quae
537 349 575 391 ex
598 349 636 392 eo
655 331 893 411 comparentur.
929 324 1081 392 Stultitian

103 421 211 482 autem
229 421 262 481 et
283 416 496 481 timiditatem
514 420 547 479 et
563 416 757 479 iniustitiam
776 419 809 480 et
827 416 1083 500 intemperantiam

103 527 177 570 cum
204 504 340 569 dicimus
369 526 440 569 esse
466 503 621 587 fugienda
642 507 777 587 propter
799 524 853 567 eas
876 525 942 586 res,
968 524 1042 587 quae
1057 523 1084 566 ex

102 593 183 677 ipsis
211 593 374 674 eveniant,
404 613 469 656 non
495 592 544 654 ita
573 591 723 665 dicimus,
754 594 792 654 ut
820 613 892 655 cum
922 591 992 674 illo,
1021 589 1085 674 quod

102 681 246 764 positum
274 684 335 762 est,
364 679 469 744 solum
497 679 531 742 id
559 699 629 742 esse
655 678 792 762 malum,
822 679 908 762 quod
937 683 1026 762 turpe
1048 677 1085 758 sil,

103 769 184 833 haec
204 789 348 852 pugnare
371 766 518 831 videatur
538 765 657 843 oratio,
680 770 853 849 propterea
875 767 960 849 quod
983 787 1019 830 ea
1037 784 1085 829 non

104 855 145 920 ad
172 856 317 939 corporis
344 854 582 919 incommodum
610 853 807 936 referuntur,
839 853 896 919 sed
928 853 968 918 ad
997 857 1084 936 torpa

104 943 260 1021 actioneS,
287 964 369 1026 quae
396 942 543 1006 oriuntur
570 962 587 1004 e
614 940 712 1005 vitiis.
762 941 850 1017 Quas
879 943 965 1006 enim
995 942 1086 1014 κακίας

104 1028 219 1096 Graeci
251 1030 428 1114 appellant,
458 1028 558 1093 vitia
589 1029 674 1093 malo
707 1050 805 1111 quam
841 1029 1015 1095 malitias
1045 1048 1085 1092 no

104 1140 236 1183 mmare.
1010 1166 1018 1177 .

53 1189 94 1250 12
168 1206 219 1270 Ne
249 1208 300 1282 su,
334 1205 478 1288 inquam,
514 1202 609 1286 cau,
645 1205 752 1268 verbis
783 1205 966 1270 illustribus
997 1209 1028 1269 a
1055 1200 1086 1283 u,

46 1265 86 1314 ⁴⁰
104 1293 189 1376 quod
211 1293 275 1376 vis,
297 1292 550 1356 declarantibus!
599 1291 714 1374 Itaque
741 1292 824 1356 mihi
850 1293 971 1384 uideris
991 1291 1085 1358 Lame

103 1381 216 1444 docere
238 1379 479 1463 philosophiam
502 1383 535 1443 et
558 1379 587 1443 ei
610 1380 704 1464 quasi
725 1380 893 1445 civitatem
916 1381 1004 1466 dare3
1025 1396 1086 1463 quae

104 1468 231 1551 quidem
250 1467 354 1532 adhuc
372 1467 571 1551 peregrinari
588 1466 713 1532 Romae
731 1467 902 1533 videbatur
919 1489 979 1532 nec
996 1469 1086 1532 offerre

104 1577 174 1620 sese
192 1557 312 1620 nostris
331 1556 545 1638 sermonibus,
568 1559 601 1619 et
622 1555 687 1619 ista
705 1555 844 1619 maxime
862 1561 996 1640 propter
1016 1556 1086 1618 lima·

103 1648 172 1708 tam
195 1644 356 1726 quandam
375 1647 408 1706 et
425 1639 532 1707 rerum
554 1647 588 1707 et
605 1643 775 1707 verborum
796 1644 999 1708 tenuitatem.
1033 1639 1086 1706 Scio

104 1732 189 1795 enim
217 1753 287 1795 esse
314 1731 485 1814 quosdam,
514 1731 569 1813 qui
597 1732 710 1813 quavis
742 1731 854 1815 lingua
885 1725 1086 1815 philosophari

102 1819 243 1903 possint,
265 1819 366 1883 nullis
385 1818 472 1883 enim
489 1818 734 1901 partitionibus,
750 1819 849 1883 nullis
867 1818 1086 1884 definitionibus

103 1910 237 1970 utuntur
268 1906 394 1990 ipsique
424 1905 534 1969 dicunt
563 1927 601 1969 ea
629 1927 663 1969 se
689 1905 786 1971 modo
812 1907 966 1991 probare,
994 1906 1086 1990 quibus

103 1997 220 2058 natura
250 1995 351 2057 tacita
382 1993 585 2057 assentiatur.
637 1992 751 2078 Itaque
782 1994 816 2058 in
848 1995 946 2059 rebus
977 1993 1086 2060 minime

104 2080 248 2145 obscuris
275 2102 342 2145 non
369 2081 489 2144 multus
518 2084 568 2144 est
595 2081 680 2164 apud
712 2103 767 2146 eos
800 2081 978 2147 disserendi
1007 2082 1086 2146 labor.

103 2168 210 2242 Quare
237 2169 369 2232 attendo
396 2171 430 2232 te
458 2167 601 2232 studiose
624 2172 670 2251 et,
700 2191 918 2253 quaecumque
940 2171 1034 2234 rebus
1051 2166 1086 2246 iis,

100 2256 142 2318 de
165 2255 281 2337 quibus
303 2256 357 2320 hic
380 2276 485 2321 sermo
509 2259 571 2339 est,
598 2257 732 2320 nomina
753 2258 908 2340 imponis,
935 2255 1086 2323 memorias

103 2342 230 2407 mando.
288 2342 370 2407 Mihi
402 2343 487 2407 enirn
524 2344 586 2407 erit
624 2343 727 2409 isdem
762 2345 834 2409 istis
873 2345 1013 2411 fortasse
1040 2345 1086 2408 ian

104 2430 268 2495 utendum.
317 2430 503 2495 Virtutibus
535 2431 638 2514 igitur
668 2432 847 2496 rectissime
879 2434 960 2497 mihi
991 2430 1086 2498 viderit

103 2522 137 2583 et
159 2519 199 2582 ad
222 2518 485 2584 consuetudinem
507 2522 639 2583 nostrae
668 2520 825 2584 orationis
851 2520 934 2585 vitia
963 2521 1086 2606 posuisu

103 2607 273 2671 contraria
320 2605 414 2682 Quod
436 2607 522 2670 enim
544 2605 758 2689 vituperabile
781 2611 832 2672 est
855 2630 914 2692 per
937 2610 1086 2694 seipsum

102 2693 135 2757 id
158 2715 195 2758 eo
218 2695 289 2778 ipso
312 2694 428 2758 vitium
448 2693 653 2758 nominatum
675 2699 770 2778 puto,
792 2695 843 2759 vel
863 2697 963 2761 etiam
986 2720 1007 2762 a
1027 2694 1086 2762 vilic

103 2781 224 2844 dictum
247 2781 431 2864 vituperari.
477 2778 534 2844 Sin
555 2783 674 2846 κακίαν
701 2783 861 2847 malitiam
889 2783 1040 2868 dixisses,
1063 2802 1086 2846 a(

103 2867 192 2932 aliud
223 2889 283 2932 nos
322 2890 421 2931 unum
457 2873 581 2933 certum
611 2869 727 2934 vitium
759 2871 956 2937 consuetudo
992 2871 1086 2937 Latiar

102 2955 294 3019 traduceret.
342 2953 435 3018 Nunc
462 2956 552 3019 omni
579 2956 693 3020 virtuti
719 2958 834 3022 vitium
861 2961 1023 3024 contrario
1051 2979 1086 3024 no

43 3043 188 3111 41mine
220 3041 402 3125 opponitur.
455 3041 538 3106 Tum
570 3043 640 3108 ille:
671 3044 732 3109 His
769 3046 869 3130 igitur
904 3048 953 3111 ita
983 3047 1086 3131 positis

102 3129 218 3214 inquit,
247 3128 392 3212 sequitur
418 3149 538 3213 magna
565 3133 744 3216 contentio,
767 3155 863 3216 quam
889 3138 1086 3200 tractatam:

101 3216 325 3301 Peripateticis
353 3216 484 3281 mollius
509 3253 550 3263 -
575 3216 639 3302 (est
661 3221 747 3284 eninr
775 3241 887 3285 eorum
910 3222 1086 3289 consuetud

101 3304 227 3370 dicendi
255 3325 323 3369 non
354 3305 433 3369 satis
465 3307 560 3370 acuta
586 3311 718 3389 propter
744 3309 983 3392 ignorationem
1011 3311 1086 3376 dialc

100 3389 216 3476 eticae)
239 3389 421 3456 Carneades
443 3395 519 3456 tuus
551 3395 682 3478 egregia
714 3395 851 3478 quadam
879 3398 1086 3464 exercitatior

99 3480 132 3544 in
156 3480 331 3545 dialecticis
359 3500 548 3564 summaque
575 3480 760 3563 eloquentia
785 3504 856 3547 rem
883 3484 916 3548 in
946 3507 1086 3552 summm
