2346 3876
104 158 171 223 466
245 156 348 216 rosc.
368 155 458 212 orsr.
485 155 552 212 na.
571 121 708 212 vjoar.
722 161 766 210 11.
795 160 897 225 1120,
919 165 981 213 121.

105 317 296 385 carneades.
332 315 417 382 Nam
437 338 519 399 cum,
540 338 758 401 quaecumque
776 317 866 383 bona
884 319 1121 404 Peripateticis,

105 407 217 473 eadem
235 405 352 472 Stoicis
371 405 540 469 commoda
558 405 757 488 viderentur,
778 426 885 490 neque
902 412 1016 472 tamen
1035 408 1120 473 Peri-

104 495 239 580 patetici
253 495 325 578 plus
340 493 520 558 tribuerent
534 493 666 577 divitiis,
679 493 785 559 bonae
799 495 992 577 valetudini,
1006 498 1119 560 ceteris

105 584 200 649 rebus
228 582 355 668 generis
384 581 526 646 ciusdem
553 602 650 664 quam
678 579 792 663 Stoici,
823 602 898 646 curn
921 604 961 647 ea
984 606 1033 666 re,
1055 605 1120 648 non
1149 594 1152 599 '

105 671 212 737 verbis
235 670 501 754 ponderarentur,
526 690 657 734 causam
678 688 750 735 essa
770 669 949 734 dissidendi
968 673 1140 756 negabats

106 760 212 836 Quare
234 758 320 822 hunc
343 757 450 821 locum
468 760 646 822 ceterarum
665 756 911 840 disciplinarum
930 758 1118 842 philosophi

106 868 202 933 quem
225 846 266 911 ad
289 847 420 910 modum
438 845 585 910 obtinere
607 845 749 929 possint,
771 846 835 929 ipsi
859 845 1015 930 viderinb3
1040 848 1118 911 mihi

105 939 216 1001 tamen
238 937 367 1020 gratum
385 937 449 1015 est,
471 933 556 1016 quod
579 932 618 997 de
637 932 834 1017 sapientium
855 937 1016 1018 perpetua
1039 936 1119 999 bene

105 1023 235 1088 vivendi
251 1022 407 1087 facultate
425 1021 559 1106 dignum
576 1020 737 1104 quiddam·
748 1020 1023 1104 philosophorum
1042 1043 1118 1087 voce

106 1111 306 1195 profitentur.
803 1174 807 1181 ,
1131 1134 1150 1174 ιο

54 1207 103 1259 121
173 1197 236 1264 Sed
257 1197 411 1281 quoniam
433 1218 528 1262 mane
551 1199 602 1262 est
624 1196 779 1278 eundum,
804 1196 865 1261 has
889 1197 1035 1280 quinque
1058 1199 1119 1261 die-

105 1306 178 1352 rum
192 1284 429 1368 disputationes
443 1285 599 1350 memoria
613 1282 931 1368 comprehendamus.
959 1284 1119 1369 Equidem

106 1395 158 1440 me
176 1374 275 1439 etiam
298 1373 554 1457 conscripturum
573 1372 715 1438 arbitror
737 1371 808 1456 (ubi
827 1372 912 1437 eninr
932 1373 1053 1438 melius
1072 1374 1118 1438 uti

106 1484 275 1548 possumus
303 1462 379 1544 hoc,
406 1461 595 1528 cuicuimodi
618 1463 681 1544 est,
704 1457 823 1546 otior),
851 1460 892 1524 ad
915 1458 1119 1545 Brutumque

106 1555 254 1617 nostrum
281 1549 342 1615 hos
368 1550 471 1615 libros
493 1550 614 1615 alteros
642 1549 783 1634 quinque
805 1548 987 1628 mittemus,
1013 1571 1034 1613 a
1057 1571 1117 1633 quo
1130 1574 1151 1614 a

107 1660 174 1704 non
200 1638 297 1703 modo
324 1638 445 1721 inpulsi
468 1659 577 1702 sumus
599 1636 640 1701 ad
661 1635 891 1720 philosophiae
914 1636 1119 1720 scriptiones,

107 1749 219 1792 verum
243 1726 341 1791 etiarn
363 1725 514 1792 lacessiti.
563 1724 603 1789 In
630 1746 693 1809 quo
722 1727 880 1808 quantum
903 1724 1023 1788 ceteris
1047 1747 1119 1809 pro·

106 1816 209 1880 futuri
228 1814 342 1896 simus,
363 1835 431 1879 non
452 1813 548 1878 facile
566 1813 715 1896 dixerim,
736 1813 857 1878 nostris
881 1812 1014 1896 quidem
1034 1834 1119 1876 acer·

106 1903 250 1967 bissinis
282 1901 445 1966 doloribus
477 1901 639 1986 variisque
677 1904 711 1965 et
741 1899 882 1984 undique
914 1899 1119 1966 circumfusis

109 1992 265 2056 molestiis
290 1989 355 2055 alia
376 1989 468 2054 nulla
490 1991 599 2073 potuit
620 1987 759 2054 inveniri
783 1987 915 2053 levatio.
1132 2015 1154 2055 ro
