2346 3876
279 169 347 225 111.
365 171 388 226 1.
416 169 492 224 111.
513 177 636 224 11-1.
662 175 677 236 s
696 177 818 226 14-41.
990 169 1055 234 297

48 334 84 397 ut
105 331 201 396 facile
224 331 372 416 intellegi
394 331 500 415 possit
522 332 664 396 animum
691 337 723 396 et
750 333 858 397 videre
882 337 914 398 et
938 334 1056 417 audire,

47 440 112 485 non
130 441 187 484 eas
205 420 320 502 partis,
339 441 420 503 quae
438 421 530 504 quasi
548 418 709 485 fenestrae
729 420 795 484 sint
812 422 920 505 animi,
938 423 1056 505 quibus

47 506 165 572 tamen'
182 507 301 572 sentire
323 507 407 572 nihil
430 511 528 591 queat
550 529 655 590 mens,
678 509 742 573 nisi
760 507 793 572 id
811 512 889 594 agat
907 512 940 573 11
962 510 1055 574 adsit.

49 594 147 678 Quid,
175 595 260 679 quod
283 595 395 660 eadem
417 600 525 660 mente
547 617 599 660 res
627 596 910 661 dissimillimasc
893 618 1057 680 c·0mpren

33 683 169 766 dimus,
188 687 225 746 ut
244 682 393 766 colorem,
411 705 570 767 saporem,
589 684 739 767 calorem,
758 683 896 767 odorem,
919 684 1056 749 sonum?

48 793 131 873 quae
157 792 335 855 numquam
362 771 502 855 quinque
529 772 653 836 nuntiis
684 773 810 837 animus
839 778 1056 874 cqgnosceret,

47 859 112 924 nisi
139 859 180 923 ad
209 880 281 923 eum
309 859 417 924 omnia
444 859 642 924 referrentur
669 861 736 925 et
727 882 755 924 1s
784 861 929 939 omnium
960 861 1056 926 iudex

49 947 137 1012 solus
161 950 254 1012 esset
290 947 398 1031 Atque
421 968 460 1012 ea
481 947 628 1032 profecto
651 951 720 1012 tum
742 949 845 1014 multo
870 949 999 1032 puriora
1023 952 1056 1013 et

49 1034 239 1100 dilucidiora
274 1038 458 1116 cernentur,
493 1056 579 1119 cum,
616 1057 678 1119 quo
710 1040 767 1101 nat
769 1059 827 1101 ura
858 1038 937 1116 tert,
972 1037 1055 1103 liber

33 1122 177 1188 canimus
204 1122 395 1206 pervenerit
447 1122 533 1188 Nam
564 1145 651 1189 nunc
683 1124 827 1208 quidem,
862 1147 1056 1210 quamquam
1074 1136 1108 1184 47

49 1209 210 1276 foramina
241 1210 312 1294 illa,
348 1232 430 1294 quac
467 1216 524 1294 pat
510 1215 581 1275 tent
613 1212 654 1277 ad
685 1213 829 1278 animum
862 1236 881 1279 a
913 1235 1056 1298 corpore,

50 1297 258 1363 callidissimo
299 1302 350 1363 art
336 1298 436 1364 tificio
476 1302 593 1364 natura
637 1299 797 1366 fabricata
837 1306 906 1386 est,
946 1306 1056 1367 tamen

49 1386 187 1452 terrenis
209 1387 429 1470 concretisque
453 1388 639 1471 corporibus
659 1391 735 1452 sunt
757 1389 955 1474 intersaepta
978 1412 1056 1475 quo·

50 1474 124 1539 dam
156 1474 264 1558 modo,
296 1496 369 1540 cum
401 1478 509 1539 autem
540 1475 623 1539 nihil
651 1476 713 1539 erit
743 1485 834 1560 praet
835 1499 870 1542 er
902 1479 1056 1560 animum,

34 1563 210 1626 1111111111
229 1562 357 1627 obiecta
374 1562 540 1646 impediet,
558 1586 622 1648 quo
641 1564 749 1627 minus
768 1565 938 1648 percipiat,
961 1567 1055 1666 quale

51 1650 238 1734 quidque
212 1653 264 1715 111.
310 1648 465 1726 Quamvis
486 1652 614 1734 copiose
637 1651 717 1716 haec
740 1651 978 1737 diceremus,
952 1657 1107 1721 1111121

50 1739 244 1821 postularet,
271 1759 369 1821 quam
397 1739 760 1823 111111,1111111111,
789 1744 909 1823 quanta
932 1745 1055 1824 specta-

50 1827 123 1890 cula
142 1826 269 1890 animus
287 1825 323 1889 in
340 1826 421 1891 locis
440 1826 631 1891 caelestibus
651 1831 738 1892 esset
755 1827 934 1893 habiturus.
967 1829 1055 1905 cuae
1074 1850 1108 1898 48

51 1913 180 1996 quidem
203 1914 351 1998 cogitans
374 1914 462 1978 11111
486 1936 582 1998 saepe
605 1915 716 1980 mirari
738 1937 806 1980 non
825 1916 988 1981 nullorum
1011 1917 1057 1981 in-

34 2002 224 2066 Jsolentiam
259 2000 538 2086 philosophorum,
575 2003 631 2086 qui
667 2007 802 2069 naturae
838 2004 1055 2089 cognitionem

51 2089 252 2154 admirantur
275 2090 406 2173 eiusque
429 2091 590 2154 inventori
613 2094 646 2154 et
667 2092 806 2175 principi
824 2093 947 2178 gratias
971 2094 1056 2157 exul·

49 2182 158 2242 tantos
187 2180 288 2261 agunt
315 2199 452 2261 eumque
483 2182 676 2243 venerantur
703 2183 739 2243 ut
766 2180 873 2262 deum,
900 2180 1056 2246 liberatos

50 2267 137 2329 enim
161 2286 195 2329 se
216 2286 274 2348 per
296 2286 370 2329 eum
392 2265 501 2330 dicunt
523 2267 726 2350 gravissimis
755 2267 905 2351 dominis,
934 2272 1056 2333 terrore

50 2354 246 2437 sempiterno
265 2357 299 2417 11
316 2351 430 2417 diurno
450 2375 488 2417 ac
505 2356 664 2418 nocturno
683 2359 781 2420 metu.
819 2355 888 2431 Quo
911 2356 1057 2420 terrore?

34 2463 114 2525 .qu0
142 2439 254 2505 metu?
286 2461 369 2523 quac
396 2443 446 2504 est
472 2463 552 2505 anus
583 2444 652 2505 tam
685 2441 799 2523 delira,
832 2463 913 2524 quae
944 2443 1058 2508 timeat

50 2531 129 2611 ista,
157 2549 239 2611 quae
268 2549 325 2592 vos
353 2527 516 2610 uidelicet,
544 2529 572 2592 si
598 2527 824 2612 physicanon
854 2529 1058 2613 didicissetis,

48 2616 223 2698 timeretis,
246 2613 501 2681 ‘Acherunsia
521 2616 666 2699 templa
689 2617 769 2680 1111
788 2615 891 2700 Orci,
912 2617 1058 2699 pallida

49 2703 151 2788 Leti,
174 2703 362 2768 obnubilo
384 2703 556 2768 tenebris
579 2702 702 2768 loca'?
738 2702 814 2769 Non
830 2703 931 2787 pudet
952 2703 1057 2788 philo·

50 2792 190 2876 sophum
207 2791 242 2855 in
261 2812 298 2855 11
318 2791 465 2874 gloriari,
488 2791 573 2874 quod
591 2791 671 2856 haec
688 2813 753 2857 non
771 2792 899 2876 timeat,
922 2797 955 2857 et
973 2794 1058 2876 quod

35 2880 136 2945 »falsa
160 2899 231 2944 esse
254 2879 463 2964 cognouerit?
507 2879 535 2943 E
559 2900 622 2963 quo
645 2879 791 2964 intellegi
813 2882 935 2964 potest,
961 2903 1058 2965 quam

48 2968 138 3032 acuti
164 2970 283 3031 natura
310 2967 390 3049 sint,
417 2967 569 3051 quoniam
590 2967 671 3032 haec
695 2967 762 3032 sine
788 2968 936 3034 doctrina
957 2970 1057 3034 credi·

47 3056 115 3120 turi
142 3054 281 3119 fuenmt.
331 3054 537 3120 Praeclarum
564 3059 673 3120 autem
699 3055 807 3121 nescio
841 3057 917 3141 quid
949 3057 1057 3141 adepti
1076 3076 1110 3122 49

49 3147 142 3226 1111,
166 3142 251 3226 quod
269 3142 450 3208 didicerunt
467 3163 514 3225 se,
536 3163 609 3206 cum
626 3145 755 3227 tempus
774 3145 888 3209 mortis
907 3144 1058 3227 venisset,

47 3235 137 3297 totos
170 3252 240 3296 esse
272 3230 441 3314 perituros.
496 3229 589 3306 Quod
619 3235 657 3295 ut
687 3231 735 3296 111
767 3233 809 3296 111
845 3228 940 3315 (nihil
973 3231 1058 3295 enim

48 3317 190 3404 pugno),
214 3318 290 3402 quid
316 3318 415 3383 habet
442 3318 506 3382 ista
527 3339 579 3382 res
603 3322 660 3383 aut
686 3318 838 3384 laetabile
861 3322 918 3383 aut
939 3319 1058 3403 glorio·

48 3407 145 3473 sum?
190 3404 259 3470 Nec
286 3409 395 3471 tamen
418 3405 499 3470 mihi
522 3427 599 3471 sanc
629 3406 800 3490 quicquam
822 3405 974 3488 occurrit,
1001 3427 1059 3472 cur

46 3517 116 3562 non
145 3493 352 3578 Pythagorae
385 3494 429 3559 sit
456 3497 489 3557 ct
517 3493 664 3558 Platonis
691 3515 766 3558 vera
794 3493 961 3559 sententia.
1011 3491 1058 3559 Ut
