2346 3876
106 154 128 217 2
422 151 684 207 ARGUMENTUM
702 153 768 206 LIB.
787 151 808 206 I.

106 311 252 381 probaret,
271 311 343 364 hanc
362 311 452 379 ipsam
467 310 661 378 quaestionem
678 310 719 365 ita
737 310 774 364 ad
790 310 947 366 Varronem
966 313 1131 382 transtulit,

106 384 150 448 ut,
175 382 250 449 quod
275 380 383 434 duobus
401 380 482 434 libris
501 381 662 435 absolverat
679 383 887 450 argumentum,
910 381 969 434 iam
988 386 1132 451 quattuor

106 451 185 506 libris
212 453 375 521 exponeret,
400 468 455 518 qua
478 451 513 504 de
538 467 568 504 re
591 451 681 505 multa
704 450 812 504 confert
833 467 897 504 cum
920 451 1035 520 Attico,
1059 454 1130 508 vide

107 524 283 591 epistolarum
301 523 338 576 ad
353 522 476 575 Atticino
493 520 542 574 lib.
557 521 622 574 XIII
640 537 683 590 ep.
699 527 732 574 12
752 526 811 588 13,
830 537 873 590 ep.
890 527 922 576 13
942 527 959 587 1
980 529 1007 591 1,
1029 540 1074 594 ep.
1093 531 1129 580 16

106 597 121 657 1
144 599 172 661 1,
191 609 234 662 cp.
255 599 287 647 19
309 597 373 658 53,
397 608 440 660 ep.
460 596 495 645 25
514 596 529 655 ς
548 597 563 644 3
583 591 701 645 0100111.
726 590 892 656 Quintiliani
914 593 1037 650 iactitat.
1055 601 1129 650 orat.

105 663 125 718 1.
145 680 166 717 c.
195 663 274 717 Misit
301 661 388 715 etiam
411 662 462 715 hos
490 661 623 728 quattuor
645 661 732 715 libros
755 661 791 713 ad
814 661 851 713 M.
875 662 1037 718 Varronem
1060 682 1128 719 curn

107 733 239 803 epistola,
265 748 337 801 quae
355 732 460 800 legitur
484 731 521 784 ad
542 731 695 796 familiares
718 729 766 784 lib.
786 731 825 784 IX
843 747 886 800 ep.
907 737 932 787 8.
974 735 1038 790 Iam
1058 753 1127 790 casu

105 804 286 869 factumest,
309 804 341 855 ut
364 802 488 870 priorum
512 800 626 854 illorum
649 800 879 855 Academicorum
906 819 964 856 non
992 808 1128 861 servatus

107 873 215 928 sitnisi
238 874 311 928 alter
328 871 414 937 liber,
436 871 623 940 posteriorum
645 873 739 925 autem
757 871 990 927 Academicorum
1013 876 1127 945 primus

105 944 178 998 liber
191 944 270 1011 isque
284 942 400 995 mutilus
415 942 452 995 ad
464 957 516 994 nos
529 941 696 1009 pervenerit.
721 941 754 994 Iu
766 941 1126 1002 hocAcademicorum

105 1013 337 1084 posteriorum
354 1012 398 1065 fra
447 1013 512 1065 ento
530 1013 596 1079 post
614 1011 770 1077 exordium,
794 1029 848 1079 quo
868 1012 966 1068 Cicero
986 1015 1023 1070 de
1042 1017 1125 1071 insti-

105 1087 168 1138 tuto
186 1081 383 1154 philosophiae
426 1080 510 1135 atinis
532 1079 633 1135 litteris
651 1081 833 1136 illustrandae
853 1083 915 1152 agit
934 1087 964 1138 et
982 1088 1125 1142 sermonis

105 1154 270 1209 instituendi
298 1151 472 1207 occasionem
500 1151 674 1206 demonstrat
701 1169 724 1206 c.
749 1158 838 1219 1—3,
870 1155 959 1209 Varro
988 1156 1125 1225 primum,

105 1224 171 1278 inde
185 1241 203 1278 a
216 1225 331 1278 Socrate
345 1223 475 1290 repetens
490 1237 577 1289 usque
591 1222 628 1274 ad
641 1221 804 1287 Arcesilam,
817 1223 1020 1294 philosophiae
1034 1229 1125 1283 ratio·

105 1310 171 1418 e
321 1291 1030 1421 ⁹·senseresensere

129 1380 249 1418 arneae
294 1380 384 1418 001111.
799 1381 876 1418 mam
914 1382 1043 1423 aces:
1094 1385 1124 1424 o·

107 1436 212 1488 cratem
234 1433 356 1503 primum
379 1431 503 1499 coepisse
528 1430 563 1484 de
587 1432 710 1486 moribus
736 1433 826 1502 magis
854 1451 939 1503 quam
962 1437 999 1492 de
1026 1456 1122 1494 rerum

105 1506 207 1558 natura
225 1504 368 1572 disputare
392 1503 477 1569 atque
501 1501 530 1555 in
549 1502 676 1556 omnibus
695 1503 867 1558 sermonibus
885 1523 967 1560 usum
986 1525 1050 1563 esse
1069 1511 1125 1565 illa

106 1573 245 1648 εἰρωνείᾳ,
264 1590 319 1642 qua
336 1571 409 1626 nihil
422 1587 451 1625 se
466 1571 537 1625 scire
556 1572 662 1626 diceret
674 1571 729 1626 nisi
742 1572 813 1628 nihil
829 1590 859 1629 se
878 1562 957 1631 odire.
989 1578 1122 1635 Platonis

106 1646 202 1699 autem
229 1642 366 1698 Socratici
393 1641 561 1696 auctoritate
588 1658 673 1696 unam
704 1644 733 1697 et
760 1645 981 1701 consentientem
1009 1649 1123 1706 duobus

105 1715 251 1769 vocabulis
264 1711 460 1784 philosophiae
478 1712 597 1765 formam
614 1711 772 1766 institutam
790 1730 864 1782 esse,
883 1717 1122 1775 Academicorum

106 1787 135 1838 et
161 1784 424 1853 Peripateticorum,
456 1781 505 1849 qui
532 1783 637 1835 certam
664 1784 692 1836 et
719 1785 889 1852 completam
917 1788 1122 1860 philosophiae

104 1855 254 1909 formulam
273 1851 486 1922 composuerint,
506 1851 556 1904 sed
570 1851 741 1906 Socraticam
760 1854 965 1911 dubitationem
983 1862 1120 1915 010111111-

104 1926 157 1979 bus
181 1924 215 1977 de
238 1925 321 1979 rebus
344 1921 403 1975 sine
426 1921 592 1974 adsensione
612 1921 774 1990 disputandi
797 1928 1029 1983 consuetudinem
1053 1933 1121 1986 reli—

106 1994 216 2062 querint
245 1995 330 2061 atoue
357 1991 399 2045 ita
425 1993 515 2044 artem
538 1991 735 2061 philosophiae
758 1993 902 2050 effecerint
920 2000 955 2066 (c.
975 2003 1013 2069 4).
1057 2003 1121 2057 Tri-

105 2064 208 2133 plioem
237 2065 331 2117 autem
356 2061 442 2115 fuisse
464 2060 681 2130 philosophandi
704 2065 854 2134 rationem,
882 2084 968 2123 anam
997 2071 1031 2126 de
1059 2075 1121 2129 aaa

105 2139 131 2188 01
151 2135 285 2199 acoribus,
310 2148 381 2200 quae
405 2148 423 2185 1
444 2134 545 2186 natura
566 2134 720 2201 peteretur,
746 2134 790 2188 cui
812 2138 980 2207 parendum,
1006 2140 1038 2195 in
1061 2161 1121 2211 qua

106 2221 243 2258 summum
269 2203 375 2256 bonum
402 2202 590 2269 quaerendum
615 2203 741 2258 dicerent
762 2207 795 2274 (0.
820 2211 927 2276 5-6),
952 2212 986 2265 de
1009 2218 1121 2269 antara

106 2276 228 2339 alteram,
247 2289 318 2341 quae
332 2271 519 2328 contineretur
538 2272 684 2328 effectione
702 2276 731 2328 01
745 2276 874 2344 materia,
892 2296 977 2346 quam
994 2281 1120 2353 fingeret

106 2346 136 2398 01
152 2344 289 2398 formaret
311 2342 422 2398 effectio
445 2345 480 2411 (0.
495 2349 524 2412 7,
543 2343 645 2397 00110.
665 2347 845 2416 1110111010,
867 2365 939 2416 quae
957 2353 990 2405 ia
1007 2357 1121 2410 ratione

106 2420 132 2468 01
148 2415 301 2469 disserendo
324 2415 495 2480 versaretur,
518 2431 535 2467 1
561 2412 685 2469 sensibus
710 2415 822 2483 quidem
845 2418 970 2488 ductam,
997 2425 1048 2477 sed
1066 2425 1118 2494 ita,

105 2486 138 2538 ut
164 2484 298 2539 iudIcium
325 2483 454 2539 veritatis
479 2500 537 2538 nou
558 2484 728 2538 tribueretur
753 2486 808 2540 nisi
829 2489 929 2555 menti,
953 2508 1026 2559 quae
1055 2496 1119 2550 sola

106 2557 243 2623 cerneret,
268 2555 337 2623 quid
359 2569 469 2622 semper
492 2556 565 2609 esset
587 2553 704 2625 simplex
730 2558 760 2610 et
785 2557 967 2614 uniusmodi
990 2565 1019 2617 et
1044 2567 1120 2633 tale,

106 2626 189 2694 quale
208 2628 294 2693 esset,
315 2641 397 2694 quam
416 2623 497 2679 ἰδέαν
516 2625 715 2694 appellavisset
733 2627 824 2684 Plato.
854 2629 971 2684 Omnem
990 2649 1008 2687 a
1027 2637 1118 2690 sensi-

104 2698 157 2752 bus
180 2697 293 2750 ductam
316 2695 505 2765 cognitionem
528 2695 698 2764 opinabilem
724 2697 835 2752 tantum
863 2715 936 2768 esse,
964 2703 1118 2760 scientIam

105 2769 216 2821 tantum
238 2766 268 2819 in
289 2765 459 2820 motionibus
482 2765 568 2819 animi
589 2767 617 2819 et
634 2766 790 2821 rationibus
808 2768 899 2823 inesse
918 2773 952 2840 (c.
971 2776 1008 2842 8).
1052 2777 1118 2830 Ari-

106 2837 235 2892 stotelem
267 2835 367 2891 deinde
398 2835 519 2904 primum
547 2834 626 2909 ἰδὲᾳς
655 2836 854 2906 labefactasse,
886 2840 1118 2912 Theophrastum

104 2908 194 2962 vitam
215 2907 328 2960 beatam
349 2906 459 2961 insola
481 2906 584 2960 virtute
603 2922 664 2960 csse
689 2907 811 2974 positam
834 2925 961 2978 negasse.
1003 2914 1118 2973 Strato-

104 2993 170 3031 nem
186 2978 279 3031 totum
298 2993 326 3030 se
345 2977 381 3030 ad
399 2977 515 3031 naturae
530 2976 730 3031 obscuritatem
746 2979 895 3034 contulisse
910 2984 944 3050 (c.
960 2985 996 3052 9).
1025 2986 1118 3042 Zeno.

104 3064 170 3102 nem
188 3049 295 3115 autem,
313 3046 490 3116 disciplinam
505 3047 643 3117 corrigere
663 3050 806 3116 conatum,
825 3049 946 3117 plurima
959 3052 989 3106 in
1006 3056 1118 3128 triplici

104 3119 156 3173 illa
168 3117 277 3173 ratione
289 3134 408 3173 novasse
422 3119 456 3186 (c.
474 3121 596 3189 10-11).
620 3118 691 3171 Tum
704 3134 772 3172 vero
786 3119 891 3174 Zenoni
904 3137 933 3175 se
948 3128 1118 3193 opposuisse

104 3189 268 3256 trecanum,
285 3204 378 3242 rernm
392 3188 562 3243 obscuritate
576 3190 755 3255 commotum,
773 3191 803 3242 01
819 3205 966 3246 revocasse
984 3198 1117 3256 veterem

103 3260 183 3314 illam
212 3259 339 3314 omnibus
369 3259 403 3314 de
430 3259 513 3314 rebus
546 3257 693 3312 dubitandi
724 3260 954 3316 consuetudinem
984 3265 1118 3337 nihilque

103 3330 207 3385 dixisse
225 3329 291 3384 sciri
308 3346 402 3400 posse,
425 3346 460 3384 ne
478 3329 508 3382 id
526 3328 618 3397 ipsum
637 3327 762 3398 quidem,
786 3331 861 3397 qnod
880 3331 1010 3389 Socrates
1033 3354 1117 3395 exce-

104 3400 205 3470 pisset,
229 3401 263 3456 cf.
281 3400 331 3455 lib.
350 3401 376 3454 11
395 3417 417 3454 c.
437 3405 480 3454 24.
520 3399 599 3453 Hanc
618 3415 677 3452 esse
695 3399 875 3455 Academiam
892 3418 996 3458 novam
1015 3412 1118 3479 appel·

102 3472 191 3528 latam
209 3475 239 3528 et
256 3471 293 3526 ad
311 3470 483 3525 Carneadem
501 3469 666 3539 perductam
684 3471 718 3537 (c.
739 3472 791 3540 12).
830 3471 930 3526 Cetera
949 3473 1058 3534 desunt.

23 3584 139 3595 -ffl-
