2346 3876
60 184 105 248 92
430 177 699 235 ARGUMENTUM.

61 357 163 411 operae
190 340 220 394 in
243 356 277 395 ea
299 340 461 410 ponendum
482 340 595 408 putent,
621 355 746 409 pugnare
769 338 817 395 vix
845 354 915 408 opus
943 338 993 407 sit,
1024 355 1073 394 ecs

60 412 180 466 maxime
198 411 324 479 refellat,
343 411 391 479 qni
404 411 512 465 Graeca
526 409 630 478 scripta
646 410 740 479 legere
757 408 870 478 malint,
889 409 990 464 Latine
1009 427 1072 465 con-

59 499 141 537 versa
157 481 249 537 nolint
266 484 337 550 (cap.
358 482 455 549 1-3).
493 479 528 535 Se
546 496 627 548 vcro,
653 495 736 548 quem
755 479 924 535 admodum
943 480 1013 535 olim
1030 480 1073 534 rei

60 552 189 622 publicae
202 569 247 606 res
266 551 389 621 gerendo
402 568 459 606 non
478 550 611 618 defuerit,
630 550 670 604 sic
683 567 757 604 nunc
775 549 911 620 neglectis
930 550 1072 605 obtrecta-

57 622 169 677 toribus
188 623 409 689 elaboraturum,
432 623 464 675 ut
482 620 556 675 cives
575 620 633 674 sint
650 637 737 690 opera
755 638 806 676 sua
825 620 975 676 doctiores.
1013 621 1073 676 Nec

62 692 213 762 quidquam
236 709 310 761 esse,
334 692 408 761 quod
431 691 525 762 potius
548 691 668 747 scribere
692 691 808 759 debeat,
836 707 920 760 quam
938 692 1024 760 haec,
1042 691 1073 746 in

62 763 162 832 quihus
185 763 364 833 gravissima,
388 779 458 831 quae
476 762 686 831 philosophiam
705 762 861 829 contineat,
886 762 1018 833 quaestio
1037 763 1073 816 de

62 850 169 888 summo
196 834 271 889 bono
299 835 487 903 pertractetur
514 835 585 902 (cap.
612 835 649 902 4).
695 833 735 886 Ut
761 835 856 887 autem
883 849 901 887 a
927 832 1072 887 facillimis

62 905 201 970 ordiatur,
219 904 255 959 ab
273 903 395 973 Epicuro
412 903 525 957 initium
543 903 625 971 facit,
644 903 722 958 cuius
742 902 920 972 disciplinam
939 904 1072 958 accurate

62 974 203 1043 quondam
222 991 239 1029 a
257 974 287 1028 L.
307 975 464 1042 Torquato,
483 991 547 1027 cnm
565 972 594 1028 C.
612 973 736 1027 Triarius
756 973 879 1040 adesset,
898 974 975 1043 apud
995 990 1025 1027 se
1043 973 1073 1027 in

62 1045 185 1099 Cumano
204 1043 362 1114 expositum
380 1060 439 1100 esse
457 1045 554 1098 narrat
572 1044 602 1098 et
619 1046 717 1099 contra
731 1059 794 1098 eam
808 1060 825 1098 a
838 1059 868 1098 se
887 1043 1071 1114 disputatum.

61 1115 135 1170 Nam
153 1131 217 1168 eum
233 1116 393 1183 Torquatus
411 1131 427 1169 e
446 1114 578 1170 Cicerone
598 1114 764 1182 quaesisset,
788 1130 859 1182 quae
886 1117 962 1169 esset
979 1130 1071 1182 cansa,

62 1202 111 1239 cur
129 1185 219 1238 minus
237 1185 389 1254 Epicurum
407 1185 552 1255 probaret,
571 1184 667 1240 Cicero
688 1185 809 1239 breviter
827 1200 938 1239 omnem
956 1185 1072 1254 Epicuri

60 1253 269 1325 philosophiam
292 1255 331 1309 sie
352 1255 504 1325 percurrit,
527 1257 560 1309 ut
583 1255 770 1323 demonstret,
794 1254 861 1324 qnid
884 1256 914 1309 in
937 1255 1071 1324 physicis,

63 1323 231 1393 dialecticis,
254 1325 355 1380 ethicis
378 1324 437 1380 eins
460 1325 601 1381 desideret
619 1328 648 1380 et
669 1326 859 1408 reprehendat
881 1328 952 1395 (cap.
972 1330 1071 1394 6-7).

61 1394 259 1450 Defensionem
281 1396 396 1465 Epicuri
423 1397 581 1464 Torquatus
609 1395 726 1466 suscipit
752 1397 781 1449 et
809 1395 908 1450 ceteris
936 1395 966 1449 in
993 1395 1071 1450 alind

61 1467 172 1535 tempus
185 1465 296 1521 reiectis
311 1467 370 1520 eius
385 1467 420 1521 de
434 1483 542 1522 summo
556 1467 631 1521 bono
645 1466 813 1521 sententiam
828 1465 951 1535 explicat
969 1483 1031 1535 cap.
1045 1473 1071 1522 8.

62 1536 184 1606 Exponit
205 1536 293 1607 igitur
310 1537 424 1607 Epicuri
436 1537 556 1592 formam
570 1536 690 1592 docendi
703 1552 821 1604 sequens
836 1539 866 1590 et
879 1552 963 1605 saepe
976 1537 1071 1592 verbis

62 1606 121 1662 eius
139 1609 221 1661 utens
244 1624 324 1662 omns
348 1606 452 1662 animal
478 1625 495 1663 a
520 1607 611 1677 primo
630 1608 693 1662 ortu
711 1609 813 1661 natura
829 1607 1005 1676 voluptatem
1023 1625 1070 1676 ap·

61 1680 172 1748 petere,
195 1678 322 1734 dolorem
345 1695 489 1748 respuere,
512 1681 546 1733 ut
564 1680 699 1747 appareat
722 1677 802 1730 illam
820 1694 870 1746 per
889 1693 918 1731 se
938 1680 1071 1747 expeten-

63 1748 140 1817 dam,
162 1750 237 1803 hunc
259 1749 431 1804 reiciendum
454 1764 522 1809 esse,
538 1750 608 1818 (cap.
628 1751 664 1816 9).
707 1748 762 1802 Sed
780 1748 822 1802 ita
840 1748 955 1817 probari
972 1749 1071 1818 volup·

61 1821 163 1887 tatem,
181 1818 335 1888 improbari
353 1819 491 1887 dolorem,
514 1821 547 1873 ut
568 1819 687 1873 dilectus
712 1817 859 1873 faciendus
876 1818 914 1872 sit
939 1820 968 1873 et
986 1835 1070 1888 saepe

61 1889 222 1957 voluptates
240 1889 518 1959 praetermittendae,
536 1905 572 1943 ne
590 1889 710 1944 maiores
729 1889 840 1944 dolores
855 1892 1070 1958 consequantur,

62 1961 92 2012 et
115 1959 226 2014 dolores
249 1961 278 2013 et
305 1958 432 2028 pericula
454 1959 598 2015 subeunda
620 1959 758 2015 maiorum
780 1960 959 2028 voluptatum
986 1977 1072 2016 causa

63 2032 134 2098 (cap.
155 2031 207 2098 10).
249 2029 433 2098 Voluptatem
455 2031 550 2085 autem
573 2031 608 2085 ab
631 2031 752 2098 Epicuro
774 2030 904 2100 intellegi
925 2047 983 2086 non
1009 2047 1068 2085 eam

63 2100 164 2168 solam,
184 2101 255 2168 quae
273 2116 369 2154 sensus
386 2101 467 2155 motu
485 2101 607 2169 quodam
624 2101 734 2170 titillet,
752 2101 803 2156 sed
820 2101 972 2156 maximam
990 2102 1070 2156 illam

43 2170 168 2239 putari,
193 2185 263 2239 quas
289 2170 462 2240 percipiatur
485 2171 560 2226 omni
591 2172 687 2226 dolore
709 2174 818 2226 remoto
843 2174 915 2241 (cap.
941 2175 993 2240 11).
1039 2172 1071 2226 in

62 2243 116 2295 hac
139 2257 200 2296 esse
223 2258 362 2295 summum
385 2241 488 2296 bonum
512 2241 595 2296 facile
619 2242 747 2312 intellegi
773 2259 856 2311 posse
884 2242 978 2311 posita
1006 2245 1070 2298 ante

63 2311 158 2365 oeulos
180 2311 302 2382 imgine
326 2329 389 2366 cnm
411 2312 485 2380 eius,
512 2312 560 2381 qni
587 2313 713 2367 omnibus
740 2313 933 2383 voluptatibus
960 2313 1071 2369 fruatur

61 2381 140 2436 nulla
157 2398 187 2436 re
205 2382 391 2452 impediente,
408 2385 470 2437 tum
488 2383 561 2450 eius,
581 2383 628 2451 qni
645 2384 675 2437 in
693 2400 800 2438 summo
821 2383 926 2438 doloris
945 2384 1070 2440 cruciatu

62 2452 106 2508 sit.
147 2454 245 2522 ltaque
269 2471 408 2509 summum
431 2454 617 2509 essebonum
644 2452 763 2508 iucunde
792 2454 887 2509 vivere
915 2457 1001 2524 (cap,
1018 2458 1069 2525 12).

61 2523 187 2580 Virtutes
209 2526 305 2579 antem
327 2542 383 2581 non
405 2541 457 2594 per
479 2540 507 2580 se
531 2523 636 2593 expeti,
660 2525 710 2578 sed
733 2525 808 2592 quod
826 2525 916 2578 multa
941 2526 1073 2581 adferant

62 2595 98 2648 ad
119 2595 239 2650 iucunde
263 2597 293 2650 et
313 2596 465 2664 tranquille
487 2594 651 2661 vivendum3
674 2595 704 2648 id
726 2595 810 2650 facile
832 2595 956 2664 perspici
979 2597 1011 2651 in
1029 2612 1071 2651 sa·

60 2664 169 2734 pientia
191 2665 249 2721 sive
276 2665 426 2736 prudentia
448 2665 507 2731 (ubi
537 2666 623 2719 etiam
646 2665 833 2734 cupiditatum
855 2665 958 2721 divisio
987 2667 1071 2722 attin·

61 2735 162 2805 gitur),
184 2737 386 2806 temperantia,
408 2735 587 2803 fortitudine,
609 2735 717 2790 iustitia
740 2737 812 2806 (cap.
837 2738 970 2805 13-16).
1017 2737 1070 2792 Vo-

61 2806 200 2875 luptatem
223 2809 253 2862 st
275 2807 401 2862 dolorem
424 2805 512 2861 animi
534 2821 549 2859 e
572 2822 688 2875 corpore
711 2805 792 2876 oriri,
818 2822 871 2862 nec
893 2809 992 2863 tamen
1015 2824 1073 2864 non

61 2876 151 2931 maius
170 2893 230 2931 esse
248 2877 338 2932 multo
355 2879 506 2945 utrumque
523 2875 553 2930 in
570 2877 664 2931 animo
688 2894 773 2945 qnam
791 2877 971 2948 incorpore,
996 2879 1071 2948 quod

60 2947 116 3001 hoc
132 2947 288 3029 praesentis
304 2948 395 3003 solum
411 2947 546 3016 temporis
564 2947 706 3017 particeps
721 2947 771 3016 sit,
790 2947 898 3002 animus
916 2950 1073 3018 praeterita

60 3017 232 3085 meminerit,
250 3016 344 3073 sutura
362 3018 506 3087 exspectet
519 3020 590 3087 (cap.
606 3019 658 3087 17).
686 3017 750 3073 Non
767 3034 850 3088 posse
868 3018 989 3074 iucunde
1004 3019 1071 3088 viri,

60 3088 116 3143 nisi
131 3089 262 3157 honeste,
279 3105 332 3143 nec
349 3089 480 3156 honeste,
498 3087 554 3143 nisi
569 3087 697 3143 iucunde.
727 3088 830 3144 Sedato
851 3089 963 3144 demum
977 3091 1073 3146 animo

61 3159 221 3227 sedatisque
236 3158 437 3229 cupiditatibus
452 3161 482 3213 et
494 3158 647 3214 terroribus
660 3159 745 3214 beate
758 3158 818 3214 vivi
830 3175 914 3230 posse
928 3161 1002 3230 (cap.
1018 3163 1071 3230 18).

63 3229 161 3297 ltaque
180 3228 336 3298 sapientem
347 3245 458 3312 semper
476 3246 537 3284 esse
561 3230 688 3298 beatum,
706 3229 837 3285 fortunae
855 3231 993 3301 potestati
1016 3249 1072 3286 non

59 3300 179 3356 multum
193 3299 357 3358 subiectum.
383 3299 547 3356 Dralecticis
561 3299 711 3369 Epicurum
723 3317 781 3356 non
793 3301 915 3356 multum
927 3301 1070 3369 tribuisse,

60 3371 136 3436 qued
149 3386 185 3425 ea
197 3370 235 3424 ad
252 3371 335 3426 beate
348 3371 501 3427 vivendum
514 3372 608 3426 essent
624 3370 750 3438 inutilia,
768 3371 892 3441 physicis
910 3371 1072 3442 plurimum,

60 3441 136 3506 qued
153 3439 304 3502 utilissima
321 3445 416 3498 essent
432 3445 504 3512 (cap.
525 3443 578 3510 19).
620 3441 766 3496 Postremo
786 3441 956 3512 amicitiam,
976 3459 1072 3511 quarn·

49 3523 136 3571 quarn
157 3526 216 3565 non
237 3510 328 3569 nullis
350 3512 414 3570 tolli
442 3511 572 3568 rideatur
593 3511 707 3583 Epicuri
735 3510 877 3582 doctrina,
904 3515 1002 3570 tamen
1026 3511 1073 3569 rel
