2346 3876
104 162 169 227 236
268 161 316 216 DE
335 161 481 218 ululans
499 158 679 215 BONORUM
697 159 745 213 ET
763 157 948 214 nmonun

70 325 317 391 avolueramus.
363 323 445 387 Tum
468 321 557 386 Piso:
591 319 758 384 Naturane
780 320 876 384 nobis
898 319 975 403 hoc,
999 320 1113 404 inquit,

107 412 218 477 datum
246 411 351 475 dicam
387 433 427 474 an
460 430 568 475 errore
596 408 748 492 quodam,
781 411 831 490 ut,
862 428 936 471 cum
969 429 1009 471 ea
1041 408 1112 473 loca

105 500 280 582 videamus,
298 499 333 563 in
351 498 466 582 quibus
486 497 643 561 memoria
660 497 774 580 dignos
793 495 880 560 viros
894 496 1113 578 acceperimus

105 588 244 652 multum
276 608 346 651 esse
378 588 537 668 versatos,
576 585 681 668 magis
713 604 913 666 moveamur,
951 604 1050 666 quam
1086 584 1113 647 si

105 676 233 759 quando
248 696 359 738 eorum
373 673 518 757 ipsorum
532 675 589 737 aut
601 672 689 736 facta
701 671 869 736 audiamus
884 673 942 735 aut
956 672 1137 754 scriptums

106 762 238 846 aliquod
269 760 438 846 legamus?
487 759 587 824 Velut
615 780 675 844 ego
706 781 791 823 nunc
819 779 960 825 moveor,
1016 758 1114 823 Venit

107 852 193 915 enim
229 849 310 914 mibi
345 849 492 913 Platonis
528 848 563 911 in
600 850 758 931 mentem,
797 869 893 930 quem
931 847 1113 931 accepimus

105 939 247 1022 primum
273 937 327 1001 hic
356 937 520 1019 disputare
549 935 694 1018 solitum3
723 935 813 998 cuius
837 935 937 998 etiam
966 935 1019 999 illi
1041 956 1113 1018 pro·

106 1026 216 1110 pinqui
249 1025 372 1090 hortuli
403 1046 470 1088 non
497 1023 687 1087 memoriam
720 1022 824 1086 solum
852 1022 932 1086 mihi
968 1023 1115 1105 afferunt,

108 1114 163 1178 sed
194 1114 301 1196 ipsum
333 1112 482 1176 videntur
509 1112 544 1174 in
573 1114 744 1193 conspectu
771 1130 843 1174 meo
871 1132 1000 1192 ponere.
1052 1109 1114 1173 Hic
1127 1136 1149 1172 ιο

107 1200 319 1284 Speusippus,
341 1199 394 1264 hic
417 1199 628 1281 Xenocrates,
650 1197 704 1261 hic
727 1198 795 1261 eius
820 1198 948 1263 auditor
971 1197 1114 1283 Polemo,

107 1287 197 1352 cuius
221 1287 278 1351 illa
306 1288 378 1370 ipsa
405 1288 505 1352 sessio
533 1287 608 1367 fuit,
636 1307 733 1369 quam
755 1286 909 1350 videmus.
955 1285 1114 1370 Equidem

108 1375 204 1439 etiam
240 1376 359 1438 curiam
397 1379 544 1439 nostram
576 1373 766 1459 (Hostiliam
808 1373 892 1456 dico,
928 1395 1007 1438 non.
1032 1374 1114 1438 hanc

106 1484 238 1544 novam,
266 1485 347 1547 quae
379 1463 485 1527 minor
516 1462 599 1525 mihi
631 1482 701 1525 esse
732 1461 870 1545 videtur,
902 1464 1114 1546 posteaquam

108 1554 157 1615 est
197 1549 315 1636 maior)
360 1550 504 1614 solebam
540 1551 669 1614 intuens
712 1546 906 1633 Scipionem,
948 1547 1113 1632 Catonem,
1126 1573 1146 1611 ιε

106 1637 265 1721 Laelium,
300 1641 448 1703 nostrum
484 1659 560 1702 vero
603 1637 638 1700 in
673 1636 788 1720 primis
824 1659 920 1701 avum
961 1638 1114 1722 cogitare,

106 1729 201 1790 tanta
232 1727 280 1790 vis
313 1726 543 1791 admonitionis
575 1726 660 1789 inest
691 1725 725 1788 in
756 1724 851 1807 locis,
883 1728 921 1788 ut
952 1746 1019 1790 non
1048 1726 1114 1790 sine

72 1834 205 1881 acausa
242 1836 280 1878 ex
316 1814 358 1878 iis
390 1814 563 1878 memoriae
596 1812 692 1877 ducta
723 1813 767 1876 sit
798 1812 978 1895 disciplina.
1034 1813 1113 1878 lum

107 1901 259 1978 Quintus:
292 1900 354 1965 Est
375 1903 484 1984 plane,
506 1901 598 1984 Piso,
620 1903 657 1964 ut
679 1900 773 1983 dicis,
796 1900 910 1984 inquit.
955 1899 1043 1965 Nam
1064 1922 1112 1965 me

107 1990 213 2073 ipsum
235 1988 298 2052 buc
321 1988 417 2055 modo
444 1988 626 2053 venientem
653 1988 863 2053 convertebat
890 1988 932 2052 ad
959 2010 1030 2053 sese
1055 1986 1143 2053 (lo-u

107 2079 218 2141 loneus
251 2075 306 2139 ille
338 2077 441 2160 locus,
473 2077 563 2141 cuius
593 2077 699 2140 incola
726 2074 902 2159 Sophocles
932 2077 975 2141 ob
1005 2077 1112 2142 oculos

106 2164 308 2245 versabatur,
341 2186 435 2249 quem
472 2165 535 2229 scis
571 2185 668 2249 quam
704 2163 844 2228 admirer
881 2185 1041 2249 quamque
1077 2187 1112 2229 eo

108 2252 253 2316 delecter.
306 2250 359 2315 Me
392 2252 521 2335 quidem
554 2252 595 2316 ad
625 2251 774 2316 altiorem
802 2253 992 2316 memoriam
1021 2251 1112 2317 Oedi·

107 2338 200 2424 podis
222 2338 285 2402 huc
307 2340 464 2403 venientis
488 2343 521 2403 et
543 2340 601 2403 illo
625 2339 819 2404 mollissimo
843 2341 996 2424 carmine,
1019 2363 1111 2426 quae·

107 2449 182 2492 nam
210 2431 318 2490 essent
344 2427 423 2491 haec
445 2429 518 2510 ipsa
542 2428 626 2510 loca,
653 2428 845 2511 requirentis
869 2429 990 2512 species
1021 2449 1140 2513 quae-u

107 2516 182 2579 dam
201 2514 387 2595 commovit,
410 2515 549 2578 inaniter
568 2515 703 2598 scilicet,
727 2516 790 2579 sed¹
802 2517 978 2581 commovit
996 2522 1112 2582 tamen.

107 2602 189 2667 Tum
220 2603 433 2687 Pomponius:
480 2602 526 2666 At
558 2624 634 2687 ego,
671 2625 765 2686 quem
802 2626 860 2668 vos
896 2608 934 2668 ut
971 2605 1111 2671 deditum

106 2691 248 2773 Epicuro
272 2690 423 2758 insectari
448 2690 571 2772 soletis,
600 2699 671 2754 sum
698 2691 837 2754 multum
864 2691 1014 2774 equidem
1043 2715 1112 2758 cum

107 2777 268 2859 Phaedro,
300 2799 394 2861 quem
426 2777 518 2842 unice
551 2778 664 2862 diligo,
701 2781 738 2842 nt
769 2779 873 2861 scitis,
909 2779 943 2843 in
979 2780 1112 2865 Epicuri

107 2863 226 2947 hortis,
258 2886 336 2947 quos
370 2865 465 2930 modo
498 2866 768 2950 praeteribamus,
803 2867 858 2932 sed
890 2869 1010 2932 veteris
1042 2888 1141 2952 prou

107 2951 211 3016 verbii
235 2952 401 3017 admonitu
425 2953 572 3018 vivorum
596 2953 741 3039 memini,
768 2977 827 3020 nec
849 2959 959 3019 tamen
981 2955 1112 3041 Epicuri

106 3040 183 3104 licet
206 3039 368 3123 oblivisci,
392 3041 419 3104 si
442 3042 582 3125 cupiam,
610 3042 700 3106 cuius
731 3043 907 3127 imaginem
930 3064 997 3108 non
1020 3046 1112 3110 modo

106 3128 141 3193 in
163 3127 284 3191 tabulis
312 3129 415 3200 nostri
442 3128 634 3214 familiares,
662 3130 718 3194 sed
746 3132 843 3194 etiam
871 3131 906 3194 in
933 3133 1060 3215 poculis
1084 3134 1113 3196 et

105 3216 139 3279 in
164 3216 268 3280 anulis
291 3215 421 3280 habent.
554 3281 556 3286 ,

66 3282 87 3405 24
172 3303 235 3367 Hic
255 3322 328 3386 ego:
351 3303 547 3386 Pomponius
567 3305 706 3389 quidem,
726 3306 868 3390 inquam,
885 3311 996 3371 noster
1015 3306 1142 3374 iocaris

105 3391 245 3472 videtur,
273 3393 305 3453 et
331 3390 472 3455 fortasse
501 3413 558 3457 suo
586 3393 663 3457 iure.
708 3393 760 3458 Ita
790 3395 876 3459 enim
908 3416 943 3459 se
975 3395 1112 3460 Athenis

99 3477 285 3564 collocarit,
311 3481 348 3545 ut
370 3479 415 3546 sit
436 3501 538 3566 paene
561 3502 644 3546 unus
673 3502 712 3546 ex
735 3481 869 3567 Atticis,
897 3485 934 3547 ut
960 3483 994 3549 id
1018 3483 1112 3549 etiam
