2346 3876
122 169 188 233 374
317 167 614 223 TUSCULANARUM
632 164 935 222 DISPUTATIONUM

165 329 268 395 Fa‘na
304 330 461 395 flamma
498 329 732 413 deflagrata,
771 329 987 436 &siluam
1024 329 1116 392 stant

166 507 382 572 Deformati
406 509 520 589 atque
544 506 670 570 abiete
694 420 1029 588 crispa,1,),a‚netes

122 630 232 714 Scitis,
255 651 336 714 quae
360 633 550 714 sequautur,
573 633 606 694 ct
627 629 684 693 illa
706 629 741 693 in
762 628 890 712 primis:

165 753 192 819 Ο
216 756 340 838 pater,
364 774 383 817 ο
406 753 549 837 patria,
573 773 592 816 ο
615 749 758 816 Priami
781 752 930 837 domus,

166 841 348 925 Saeptum
372 841 543 906 altisono
567 838 723 904 cardine
744 842 944 924 templum!
1130 862 1140 901 s

164 929 255 994 Vidi
279 932 347 1013 ego
371 932 408 992 te
433 932 586 993 astante
609 949 679 1012 cpe
701 928 911 995 barbarica

166 1015 294 1082 Tectis
318 1017 499 1100 caelatis,
521 1016 730 1100 laqueatis,

165 1106 281 1187 Auro,
308 1106 422 1169 ‹ibcre
445 1105 679 1171 instructam
702 1104 875 1189 regifice.

68 1229 147 1299 450
181 1231 311 1311 puttam
344 1228 522 1313 egregium!
559 1249 755 1312 quamquam
786 1229 827 1293 ab
859 1228 912 1293 his
947 1229 1122 1294 cantoribus

118 1315 337 1400 Euphorionis
366 1316 590 1381 contemnitur.
641 1315 747 1381 Sentit
769 1316 879 1381 omnia
906 1318 1075 1402 repentina
1096 1320 1151 1381 eta

119 1404 313 1487 necopinata
340 1425 409 1468 esse
438 1404 597 1488 graviora.
648 1402 868 1489 Exaggeratis
900 1405 1005 1490 igitur
1035 1405 1122 1490 regiis

121 1494 250 1576 opibus,
278 1513 358 1577 quae
385 1492 578 1557 videbantur
606 1493 821 1576 sempiternae
853 1492 938 1578 fore,
972 1494 1050 1580 quid
1077 1492 1122 1560 ad·

121 1581 249 1667 iungit?

163 1705 266 1768 Haec
290 1705 416 1769 6mnia
439 1705 517 1768 vidi
540 1704 789 1784 inflammari,

163 1792 316 1856 Priam6
340 1793 377 1856 vi
400 1792 518 1856 vitam
542 1791 699 1875 evitari,
1133 1809 1151 1848 15

163 1879 268 1945 Iovis
293 1882 396 1945 aram
419 1880 606 1963 sangnine
629 1879 791 1964 turpari,
853 1947 855 1953 ,

67 2026 101 2073 46
120 2003 326 2067 Praeclarum
350 2004 490 2066 carmen!
542 2001 604 2066 Est
627 2003 711 2066 enim
736 2005 768 2066 et
790 2001 887 2066 rebus
912 2006 947 2067 et
969 2004 1076 2069 verbis
1096 2003 1122 2065 et

119 2091 223 2156 modis
250 2091 396 2174 lugubre.
444 2089 631 2173 Eripiamus
658 2090 734 2154 huic
763 2089 1012 2174 aegritudinem.
1062 2091 1121 2167 Quo

119 2179 228 2243 modo!
276 2175 489 2242 Conlceemus
512 2178 547 2242 in
570 2178 688 2242 culcita
710 2180 852 2262 plumea,
882 2180 1056 2262 psaltriam
1078 2178 1121 2242 ad·

113 2267 288 2349 ducamus,
318 2266 476 2349 hedychri
502 2265 709 2330 incendamus
738 2265 921 2350 scutellam,
957 2267 1148 2333 dulciculaea

120 2355 262 2438 potionis
287 2354 408 2438 aliquid
430 2353 595 2418 videamus
614 2357 647 2417 et
670 2353 742 2417 cibi.
778 2352 868 2418 Haec
890 2356 1026 2420 tandem
1048 2357 1121 2420 bona

121 2447 209 2527 sunt,
232 2443 347 2527 quibus
372 2441 589 2526 aegritudines
613 2441 822 2526 gravissimae
846 2440 1073 2528 detrahantur3
1092 2444 1121 2504 tu

122 2533 207 2595 enim
233 2531 330 2615 paulo
358 2534 432 2593 ante
459 2551 499 2593 ne
527 2529 714 2613 intellegere
747 2528 877 2613 quidem
904 2532 940 2593 te
969 2531 1036 2596 alia
1066 2527 1121 2594 ulla

121 2620 258 2683 dicebas.
299 2617 457 2682 Revocari
480 2618 581 2701 igitur
604 2621 752 2700 opertere
771 2639 790 2679 a
810 2638 957 2682 maerore
982 2618 1024 2682 ad
1048 2615 1120 2702 cogi·

121 2707 278 2771 tationem
305 2706 464 2770 benorum
492 2706 677 2769 conveniret
703 2704 783 2768 mihi
811 2725 884 2769 cum
910 2704 1068 2790 Epicuro,
1091 2702 1121 2785 si,
1131 2726 1147 2768 a

122 2789 199 2878 quid
222 2797 307 2857 esset
328 2794 463 2878 bonum,
487 2793 679 2859 conveniret.

68 2888 112 2952 20
187 2881 283 2947 Dicet
305 2881 435 2963 aliquis:
468 2880 551 2956 Quid
576 2881 674 2965 ergo?
704 2884 740 2944 tu
762 2879 941 2963 Epicurum
966 2881 1120 2945 existimas

121 2971 185 3033 ista
213 2968 366 3048 voluisse,
395 2970 452 3031 aut
476 2968 668 3033 libidinosas
701 2968 769 3032 eius
800 2967 901 3031 fuisse
934 2968 1122 3034 sententias?

121 3057 194 3141 Ego
212 3077 289 3120 vero
309 3055 453 3138 minime;
476 3056 568 3120 video
588 3056 673 3121 enim
693 3056 734 3119 ab
753 3077 789 3120 ec
809 3055 871 3119 dici
890 3056 996 3121 multa
1015 3074 1122 3133 severe,

122 3145 226 3210 multa
253 3144 424 3227 praeclare.
474 3141 600 3227 Itaque,
628 3146 664 3208 ut
692 3165 788 3226 saepe
816 3143 896 3221 dixi,
921 3143 962 3207 de
988 3143 1149 3209 acuminea

124 3234 232 3316 agitur
254 3231 337 3314 eius,
359 3253 425 3295 non
448 3230 487 3293 de
510 3232 669 3317 moribus3
691 3231 838 3315 quamvis
862 3236 998 3313 spernat
1020 3231 1123 3312 volup-

122 3325 207 3384 tates
232 3342 298 3397 eas,
326 3340 406 3402 quas
430 3316 525 3381 modo
548 3319 704 3401 laudavit,
734 3339 794 3402 ego
817 3322 927 3382 tamen
949 3320 1123 3396 meminero,

124 3408 210 3493 quod
234 3407 380 3472 videatur
403 3406 433 3468 ei
456 3427 617 3470 summum
642 3406 773 3470 bonum.
817 3405 894 3471 Non
922 3407 1009 3472 enim
1035 3405 1123 3472 verbo

110 3497 221 3564 solum
244 3495 358 3586 posuit
377 3493 594 3582 voluptatem,
615 3494 674 3559 sed
690 3493 886 3577 explanarit,
909 3495 988 3577 quid
1007 3493 1124 3560 diceret.
