2346 3876
106 185 173 250 250
270 185 318 239 oa
337 184 481 240 nmmos
499 184 678 240 aouonun
696 184 743 238 ur
761 184 946 240 unnoauu
995 158 1013 223 '-

105 351 144 412 ut
171 348 308 412 excellat
335 347 422 430 aliis,
450 348 655 431 animumque
683 347 732 412 ita
759 348 990 431 constitutum,
1018 353 1055 412 nt
1079 351 1107 411 et

108 435 254 500 sensibus
277 435 454 499 instructus
473 435 517 498 sit
534 438 567 499 et
589 435 709 499 habeat
730 435 967 519 praestantiam
988 436 1107 518 mentis,

107 524 158 588 cui
181 526 253 588 tota
274 522 414 587 hominis
437 526 555 587 natura
576 526 702 606 pareat,
729 523 763 587 in
791 545 854 605 qua
880 523 926 587 sit
956 523 1107 588 mirabilis

107 611 264 696 quaedam
294 611 343 675 vis
371 610 506 674 rationis
535 613 568 675 et
590 609 787 695 cognitionis
818 614 851 674 et
874 611 1031 676 scientiae
1053 612 1108 676 vir·

106 702 274 782 tutumque
298 698 450 763 omnium.
500 695 586 761 Nam
609 719 691 782 quae
714 699 858 781 corporis
881 702 974 782 sunt,
997 720 1036 765 ea
1056 720 1126 763 neca

108 787 332 851 auctoritatem
368 807 440 849 cum
476 785 577 849 animi
612 786 758 868 partibus
794 787 1048 870 comparandam
1081 791 1109 851 et

108 873 325 958 cognitionem
346 873 470 937 habent
490 872 679 940 faciliorem
722 873 836 958 Itaque
864 874 907 938 ab
934 873 988 938 his
1012 875 1108 940 ordia·

52 977 87 1024 ⁴5
107 984 187 1026 mur.
233 959 384 1044 Corporis
415 961 517 1045 igitur
539 962 643 1026 nostri
666 965 774 1045 partes
796 965 931 1046 totaque
955 963 1061 1044 figura
1081 966 1122 1027 et·

106 1050 212 1114 forma
234 1051 268 1112 et
290 1051 418 1112 statura
440 1070 535 1131 quam
559 1052 637 1132 apta
656 1049 697 1114 ad
714 1053 866 1115 naturam
890 1050 948 1133 sit,
972 1055 1110 1134 apparet,

106 1157 208 1221 neque
236 1138 285 1200 est
312 1135 457 1218 dubium,
486 1137 576 1219 quin,
604 1137 706 1215 frons,
733 1137 831 1221 oculi,
860 1159 953 1202 aures
986 1144 1020 1203 et
1041 1139 1138 1202 reli-10

107 1245 189 1307 quae
207 1227 317 1307 partes
337 1224 447 1308 quales
465 1225 615 1308 propriae
634 1225 700 1289 sint
717 1225 872 1308 hominis,
895 1226 1110 1310 intellegatur.

107 1310 169 1375 Sed
198 1314 282 1375 certe
310 1331 391 1394 opus
419 1314 468 1375 est
496 1333 534 1376 ea
560 1312 666 1376 valere
694 1316 727 1377 et
756 1313 866 1398 vigere
890 1317 924 1377 et
945 1315 1109 1379 naturales

106 1402 212 1465 motus
235 1420 375 1481 ususque
398 1397 531 1483 habere,
558 1403 596 1463 ut
621 1422 681 1465 nec
704 1401 791 1464 absit
820 1401 898 1485 quid
921 1423 1035 1467 eorum
1056 1423 1110 1467 nec

107 1507 239 1571 aegrum
269 1486 513 1552 debilitatumve
541 1489 596 1572 sit3
624 1488 659 1552 id
686 1490 771 1553 enim
799 1494 918 1553 natura
945 1489 1110 1554 desiderat

104 1574 167 1640 Est
189 1578 297 1639 autem
315 1575 415 1639 etiam
434 1576 519 1639 actio
543 1577 699 1659 quaedam
723 1577 880 1660 emporia,
904 1598 988 1661 quae
1007 1582 1140 1643 motusn

107 1666 139 1727 et
170 1666 276 1729 status
306 1667 444 1728 naturae
475 1668 687 1748 congruentes
721 1667 823 1749 tenet3
859 1666 903 1728 in
931 1667 1050 1748 quibus
1086 1666 1111 1730 si

105 1755 256 1835 peccetur
278 1751 469 1816 distortione
493 1755 526 1815 et
549 1751 775 1835 depravatione
800 1751 938 1837 quadam
962 1775 1000 1817 ac
1022 1757 1111 1818 motu

107 1843 234 1917 statuve
257 1838 407 1920 deformi,
434 1841 472 1902 ut
499 1839 528 1902 si
555 1842 611 1903 aut
638 1839 787 1904 manibus
817 1839 1020 1923 ingrediatur
1044 1843 1110 1927 quis

106 1930 251 1990 autnon
275 1930 363 2008 ante,
388 1927 443 1990 sed
465 1929 566 2009 retro,
592 1927 704 2011 fugere
725 1927 823 2011 plane
847 1949 880 1991 se
904 1927 976 2010 ip'se
1000 1933 1035 1993 et
1056 1928 1110 1994 ho·

105 2014 225 2078 minem
253 2035 371 2078 exuens
406 2035 445 2077 ex
474 2013 606 2079 homine
636 2018 786 2079 natrnam
819 2014 926 2079 odisse
957 2017 1143 2082 videamus

106 2103 210 2176 Quam
229 2101 270 2165 ob
289 2122 358 2164 rem
377 2102 476 2166 etiam
499 2102 658 2166 sessiones
678 2102 834 2187 quaedam
854 2106 886 2166 et
904 2103 980 2167 flexi
1004 2105 1110 2170 fracti·

106 2209 167 2272 que
186 2192 308 2272 motus,
332 2189 443 2272 quales
461 2192 685 2273 protervorum
703 2191 872 2254 hominum
891 2194 947 2254 aut
965 2193 1111 2256 mollium

106 2296 176 2340 esse
204 2276 323 2360 solent,
350 2279 465 2340 contra
491 2281 641 2342 naturam
668 2282 756 2362 sunt,
786 2281 835 2362 ut,
859 2279 989 2343 etiamsi
1013 2281 1111 2345 animi

106 2363 187 2428 vitio
210 2363 244 2428 id
267 2365 407 2448 eveniat,
435 2365 602 2429 tamenin
625 2387 758 2449 corpore
780 2367 947 2431 immutari
970 2367 1112 2432 hominis

49 2455 222 2518 sanatura
244 2453 398 2517 videatur.
446 2452 560 2535 Itaque
588 2455 790 2518 econtrario
816 2454 976 2518 moderati
1000 2477 1144 2540 aequa-n

105 2540 249 2624 bilesque
285 2540 429 2624 habitus,
466 2541 652 2606 adiectiones
687 2563 825 2626 ususque
864 2543 1010 2626 corporis
1045 2545 1112 2627 apti

105 2650 176 2692 esse
200 2629 240 2692 ad
261 2632 412 2692 naturam
430 2628 587 2692 videntur.
623 2627 692 2693 Iam
710 2651 787 2694 vero
803 2630 934 2716 animus
953 2651 1021 2694 non
1045 2653 1113 2696 esse

85 2716 225 2799 solum,
252 2715 435 2799 sedetiam
462 2716 628 2781 cuiusdam
655 2717 743 2781 modi
773 2717 868 2781 debet
895 2738 980 2800 esse,
1012 2723 1051 2783 ut
1082 2723 1113 2782 et

105 2803 210 2867 omnis
232 2803 336 2886 partis
360 2825 435 2868 suas
464 2803 584 2868 habeat
610 2804 781 2869 incolumis
810 2808 844 2868 et
873 2799 913 2868 de
935 2805 1112 2871 virtutibus

103 2890 194 2953 nulla
212 2889 304 2954 desit.
335 2889 443 2974 Atque
461 2892 495 2956 in
515 2891 662 2956 sensibus
681 2896 732 2956 est
750 2914 808 2956 sua
827 2892 981 2975 cuiusque
999 2895 1112 2976 virtus,
1124 2916 1146 2955 u

103 2981 140 3041 ut
166 2998 206 3040 ne
234 2977 310 3060 quid
337 2978 510 3063 impediat‚·
534 2980 727 3062 quominus
751 3001 809 3044 suo
834 3001 945 3043 sensus
978 2983 1112 3066 quisque

103 3086 235 3129 munere
265 3064 422 3150 fungatur
452 3068 486 3130 in
522 3068 562 3131 iis
594 3068 690 3132 rebus
723 3068 870 3132 celeriter
902 3069 1113 3154 expediteque

52 3152 330 3236 13percipiendis,
363 3176 444 3238 quae
476 3155 638 3219 subiectae
673 3159 751 3220 sunt
783 3155 940 3220 sensibus.
1000 3157 1112 3221 Animi

104 3244 211 3305 autem
235 3244 275 3305 et
291 3241 359 3306 eius
382 3242 483 3307 animi
505 3243 621 3326 partis,
652 3264 734 3328 quae
756 3244 905 3327 princeps
929 3247 993 3328 est,
1017 3266 1112 3330 quae·

103 3339 164 3413 que
192 3349 283 3393 mens
311 3331 511 3411 nominatur,
539 3329 649 3412 plures
677 3335 753 3395 sunt
778 3331 928 3413 virtutes,
961 3331 1019 3396 sed
1050 3333 1111 3397 duo
1124 3354 1148 3396 a

102 3417 207 3498 prima
221 3437 351 3508 genera,
375 3438 474 3480 unum
497 3438 620 3501 earum,
645 3440 726 3501 quae
745 3419 980 3502 ingenerantur
998 3423 1113 3503 suapte

87 3506 213 3570 natura
227 3504 502 3594 appellanturque
521 3525 590 3572 non
605 3505 822 3588 voluntariae,
840 3506 979 3570 alterum
1003 3512 1112 3572 autem
