2346 3876
126 172 170 239 30
396 170 687 228 ACADEMIOORUM
705 170 872 226 PRIORUM

124 358 206 421 quae
229 338 342 400 contra
364 334 568 485 dicerentur,t
577 333 640 397 dici
661 336 809 416 oportere
827 333 997 416 putabant,
1020 334 1131 418 nequi

71 433 106 481 18
124 424 322 489 fallerentur.
373 422 568 507 Pleriquet
570 442 665 485 amen
692 423 725 485 et
755 420 957 486 definitiones
989 421 1131 505 ipsarum

124 514 223 577 etiam
237 512 433 576 evidentium
443 532 551 574 rerum
564 529 631 573 non
644 508 831 592 improbant
844 513 877 573 et
889 530 959 573 rem
972 509 1130 588 idoneam,

124 601 161 666 de
185 622 248 685 qua
271 601 454 684 quaeratur,
478 601 511 662 et
533 597 681 662 homines
703 597 846 681 dignos,
853 597 1049 681 quibuscum
1071 597 1129 662 dis-

124 624 261 768 seraqtur,
297 690 356 771 put
341 689 421 751 tant.
479 685 574 750 Philo
607 687 714 749 autem
751 683 827 749 dum
858 706 942 749 nova
974 685 1150 770 quaedams

124 737 898 946 helitzuni§llllbltltltlfft
913 776 1133 944 ἓῗῖιὲιιὲι

124 953 212 1034 titur,
234 954 271 1015 ut
294 953 344 1014 est
346 949 577 1051 'reprehensus
595 971 616 1013 a
633 950 692 1032 pat
693 970 727 1012 re
677 911 873 1032 thtuio,
895 884 956 1027 etp
962 952 1001 1012 ιιι
1024 948 1130 1014 docuit

124 1037 352 1121 Antiochus,
342 1059 378 1101 ιιι
396 1037 457 1101 id
447 1059 554 1120 1psum
573 1059 607 1101 se
625 1036 731 1101 induit
731 1037 849 1120 ,quod
864 997 1012 1106 timebat.
1051 1034 1128 1101 Cum

125 1129 210 1193 enim
237 1127 284 1190 ita
311 1128 445 1209 negaret
472 1125 646 1210 quidquam
674 1145 756 1207 esse,
788 1124 873 1208 quod
903 1125 1160 1208 comprehendis

123 1219 235 1299 posset
257 1213 305 1297 (id
332 1213 418 1276 enim
444 1213 591 1279 volumus
615 1234 684 1276 esse
712 1174 970 1298 ἀκατάληπτον),
996 1213 1026 1277 si
1052 1213 1129 1277 illud

125 1304 226 1386 esset,
248 1303 332 1366 sicut
349 1299 436 1366 Zeno
460 1300 618 1383 definiret,
641 1300 707 1364 tale
728 1301 834 1364 visum
857 1298 938 1386 (iam
961 1301 1048 1366 enim
1069 1300 1129 1366 hoc

123 1413 183 1474 pro
201 1391 367 1475 φαντασίᾳ
380 1389 515 1452 verbum
529 1388 611 1452 satis
628 1388 780 1453 hesterno
794 1409 941 1454 sermone
957 1386 1130 1474 trivimus),

124 1479 228 1543 visum
247 1477 348 1561 igitur
365 1476 559 1560 impressum
578 1475 783 1560 effictumque
802 1498 841 1540 ex
860 1497 912 1560 eo,
934 1476 1018 1541 unde
1038 1480 1129 1560 esset,

124 1566 216 1651 quale
240 1586 309 1629 esse
339 1586 407 1629 non
434 1567 546 1648 posset
564 1585 603 1628 ex
622 1584 674 1647 eo,
696 1563 780 1628 unde
802 1586 869 1630 non
892 1567 977 1629 esset
1000 1561 1049 1651 (id
1070 1570 1161 1631 'noso

125 1653 284 1722 aZenone
303 1653 469 1717 definitum
482 1651 661 1717 rectissime
680 1651 828 1735 dicimus3
847 1651 902 1736 qui
917 1651 1129 1737 enimpotest

124 1743 300 1827 quidquam
322 1740 562 1825 comprehendi,
589 1743 626 1804 ut
651 1740 748 1821 plane
776 1739 916 1804 confidas
943 1745 1130 1825 perceptum

123 1830 156 1895 id
179 1829 407 1913 cognitumque
430 1849 514 1909 esse,
537 1827 622 1911 quod
645 1830 695 1891 est
716 1827 798 1908 tale,
822 1829 914 1912 quale
937 1828 989 1892 vel
1011 1828 1130 1894 falsum

125 1939 194 1981 esse
226 1915 365 2001 possiti)
399 1951 436 1962 -
470 1915 533 1980 hoc
566 1937 638 1980 oum
670 1915 814 1980 infirmat
844 1916 992 2000 tollitque
1026 1917 1129 1998 Philo,

124 2004 277 2068 iudicium
303 2002 392 2068 tollit
417 2003 574 2088 incogniti
603 2007 635 2067 et
657 2004 787 2088 cogniti.
827 2002 878 2068 Ex
900 2025 963 2087 quo
991 2003 1164 2070 efficitur»

122 2092 205 2156 nihil
246 2112 341 2175 posse
378 2091 612 2175 comprehendi.
669 2090 721 2156 Ita
756 2091 940 2175 imprudens
978 2113 1029 2173 ee,
1066 2115 1128 2176 quo

123 2179 254 2252 minime
281 2179 365 2261 volt,
392 2179 576 2244 revolvitur.
626 2178 731 2255 Quare
759 2179 863 2244 omnis
889 2179 993 2245 oratio
1018 2184 1129 2245 contra

123 2267 333 2332 Academiam
364 2267 536 2351 suscipitur
567 2289 587 2331 a
617 2267 730 2351 nobis,
761 2271 799 2331 ut
830 2267 1026 2332 retineamus
1058 2290 1129 2332 eam

124 2355 356 2438 definitionem,
379 2376 475 2438 quam
497 2353 592 2419 Philo
617 2354 722 2419 voluit
743 2357 900 2432 evertere.v
939 2354 1044 2431 Quam
1059 2356 1129 2420 nisi

81 2487 99 2549 7
124 2443 320 2526 obtinemus,
342 2442 465 2526 percipi
487 2441 567 2508 nihil
591 2464 686 2526 posse
710 2443 920 2508 concedimus.
1140 2463 1162 2505 ss

72 2565 104 2613 19
138 2578 140 2582 »
190 2530 362 2596 Ordiamur
397 2530 497 2616 igitur
533 2552 552 2594 a
591 2530 751 2614 sensibus3
786 2552 921 2614 quorum
956 2532 1004 2595 ita
1041 2532 1129 2596 clara

122 2618 242 2684 iudicia
269 2622 302 2683 et
328 2621 416 2683 certa
449 2621 537 2701 sunt,
568 2622 617 2700 ut,
649 2618 678 2682 si
710 2618 798 2701 optio
830 2621 965 2683 naturae
996 2623 1128 2684 nostrae

123 2707 229 2791 detur,
257 2710 289 2771 et
317 2707 358 2770 ab
382 2728 420 2770 ea
447 2706 525 2770 deus
555 2705 655 2789 aliqui
681 2705 837 2790 requirat,
865 2710 1059 2772 contentane
1087 2708 1129 2772 sit

124 2795 190 2858 suis
233 2793 369 2876 integris
410 2793 668 2877 incorruptisque
705 2794 867 2877 sensibus,
908 2815 949 2859 en
985 2795 1129 2878 postulet

122 2882 237 2945 melius
270 2880 408 2964 aliquid,
439 2901 506 2945 non
538 2881 679 2964 videam,
711 2881 786 2964 quid
818 2885 950 2965 quaerat
980 2883 1164 2967 ampliusue

121 2967 190 3033 Nec
213 2989 289 3034 vero
317 2967 476 3033 hocloco
505 2970 753 3052 exspectandum
782 2973 844 3051 est,
870 2969 945 3034 dum
972 2971 1011 3034 de
1039 2993 1127 3036 remo

84 3056 241 3122 inflexo
265 3058 322 3120 aut
348 3055 386 3120 de
410 3056 492 3120 collo
516 3056 693 3121 columbae
706 3019 932 3141 respondeam,
952 3079 1019 3122 non
1042 3060 1128 3123 enim

122 3145 151 3208 is
175 3165 259 3228 sum,
283 3144 350 3228 qui,
373 3144 526 3229 quidquid
548 3144 635 3209 videt
621 3148 686 3226 t,ur
708 3145 776 3210 tale
799 3144 903 3208 dicam
926 3166 1009 3230 esse,
1034 3147 1129 3231 quale

123 3231 230 3296 videat
216 3235 278 3296 tur.
326 3231 486 3315 Epicurus
513 3232 575 3298 hoc
602 3232 719 3297 viderit
704 3235 779 3296 tet
804 3233 870 3297 alia
898 3233 1009 3298 multa.
1034 3168 1128 3299 quo

124 3323 230 3383 autem
253 3320 371 3384 iudicio
394 3321 442 3384 ita
465 3324 514 3384 est
537 3321 678 3384 maxima
708 3320 742 3385 in
765 3320 911 3385 sensibus
934 3322 1069 3407 veritas,
1100 3323 1166 3386 siat

123 3412 156 3471 et
179 3409 247 3472 sani
272 3413 347 3472 sunt
370 3429 407 3472 ac
429 3407 589 3491 valentes,
617 3411 649 3472 et
672 3409 781 3474 omnia
803 3412 1020 3493 removentur,
1048 3431 1129 3494 quae

119 3495 256 3560 obstant
278 3499 311 3561 et
337 3495 525 3580 impediunt
569 3495 683 3581 Itaque
706 3500 739 3561 et
761 3496 871 3562 lumen
893 3498 1012 3562 mutari
1033 3519 1130 3584 saepe

57 3606 81 3640 ι
