2346 3876
141 133 204 196 158
303 133 350 186 ΒΕ
368 131 513 187 nlmssus
531 131 712 187 BONORUM
729 133 777 187 ΕΤ
796 131 980 190 MALORUM

139 295 226 360 vesci
253 295 368 361 Persas
398 315 468 359 esse
492 295 606 360 solitos
630 295 744 360 scribit
766 293 965 381 Xenophon,
995 300 1141 383 quamir

140 381 350 466 Syracusanis
383 383 518 466 mensis,
555 405 637 468 quae
659 406 693 447 a
724 383 860 448 Platone
893 386 1039 469 graviter
1070 389 1139 452 vitu·

138 476 308 558 perantur3
332 472 387 552 sit,
410 472 556 555 inquam,
579 476 647 534 tam
668 471 788 555 facilis,
812 494 909 555 quarn
929 475 1043 559 vultis,
1065 498 1136 542 cour·

138 560 267 643 paratio
300 560 490 642 voluptatis,
528 559 604 644 quid
641 559 680 623 de
713 559 824 624 dolore
857 561 1024 627 dicemus?
1060 565 1134 628 cuius

139 653 233 713 tanta
259 650 421 713 tormenta
450 650 537 730 sunt,
565 651 602 711 ut
629 647 664 711 in
690 648 730 712 iis
759 648 855 713 beata
881 651 965 735 vita,
998 651 1027 716 si
1053 651 1131 716 modo

140 737 230 801 dolor
262 759 422 801 summum
454 736 576 800 malum
609 739 672 819 est,
707 757 777 800 esse
808 759 875 802 non
905 739 1022 821 possit.
1073 739 1131 823 Ipse
1166 816 1168 821 Ι

139 826 224 890 enim
247 824 462 907 Metrodorus,
489 845 593 907 paene
620 824 701 888 alter
723 823 896 908 Epicurus,
923 826 1055 893 beatum
1076 848 1129 892 esse
1161 840 1168 907 ᾗ

138 912 290 978 describit
320 912 372 977 his
402 912 470 976 fere
503 912 624 978 verbis:
657 911 741 978 ‘cum
771 935 886 996 corpus
919 915 1001 979 bene
1031 915 1127 980 consti·

137 1005 244 1065 tutum
268 1001 311 1065 sit
334 1004 366 1064 et
389 1001 432 1064 sit
455 1001 656 1084 exploratum
681 1000 731 1066 ita
751 1001 918 1066 futurum?
950 1003 1019 1069 ,ΑΗ
1039 1004 1071 1068 id
1090 1025 1127 1067 er·

137 1089 300 1173 ploratum
338 1089 486 1174 cuiquam
519 1093 628 1172 potest
664 1111 747 1166 esse,
784 1111 846 1174 quo
883 1091 980 1156 modo
1018 1113 1050 1156 se
1082 1091 1168 1173 hocs!

138 1177 325 1241 habiturum
358 1177 401 1242 sit
433 1199 562 1261 corpus,
593 1199 659 1242 non
687 1177 758 1242 dico
792 1177 832 1242 ad
860 1199 996 1264 annum,
1023 1177 1127 1244 sedad

138 1264 329 1348 vesperum?
383 1265 487 1330 Dolor
518 1266 632 1350 igitur,
665 1264 699 1330 id
735 1269 785 1330 est
821 1258 982 1334 summum
1019 1269 1127 1349 malum,

138 1356 298 1417 metuetur
335 1375 480 1438 semper,
521 1354 648 1419 etiamsi
686 1375 754 1419 non
795 1355 915 1438 aderit;
956 1356 1023 1423 iam
1060 1355 1126 1420 enin
1166 1382 1168 1387 ·

139 1442 249 1506 adesse
279 1442 409 1527 poterit.
459 1440 522 1518 Qui
549 1444 658 1525 potest
684 1441 786 1526 igitur
812 1442 961 1509 habitare
994 1445 1029 1510 iu
1050 1444 1126 1511 hair
1166 1470 1168 1475 ·

85 1551 118 1600 93
138 1530 205 1594 vita
233 1531 349 1595 summi
377 1530 454 1595 mali
482 1530 609 1595 metus?
659 1529 823 1615 Traditur,
850 1531 971 1616 inquit,
1002 1533 1041 1597 ab
1066 1529 1168 1615 cpi-u

138 1640 214 1683 curo
238 1619 321 1684 ratio
344 1618 536 1704 neglegendi
566 1618 693 1683 doloris.
743 1617 813 1683 Iam
840 1619 873 1683 id
900 1621 1009 1704 ipsum
1037 1621 1126 1686 absur

138 1708 227 1790 dum,
259 1707 434 1772 maximum
465 1707 588 1772 malum
620 1707 758 1792 neglegi.
814 1706 876 1772 Sed
908 1731 991 1793 quae
1018 1707 1128 1774 tandem
1165 1706 1168 1715 ’

137 1796 201 1859 ista
232 1796 315 1860 ratio
348 1795 419 1860 est?
468 1794 629 1859 Maximus
663 1795 769 1878 dolor,
801 1796 920 1880 inquit,
952 1797 1056 1863 brevis
1085 1795 1127 1859 est

137 1882 280 1948 Primum
313 1885 389 1967 quid
421 1887 458 1948 tu
485 1883 565 1947 dicis
595 1883 712 1948 breve?
740 1883 852 1947 deinde
881 1884 1025 1950 dolorem
1052 1902 1127 1969 quen

138 1971 336 2036 maximum?
387 1971 471 2048 Quid
502 1971 611 2035 enim?
643 1993 785 2035 summus
818 1973 910 2036 dolor
941 1974 1050 2056 plures
1075 1971 1168 2036 dan

139 2080 268 2124 manere
299 2081 365 2124 non
396 2060 525 2143 potest?
580 2058 677 2143 Vide,
708 2082 749 2135 ne
781 2062 880 2124 etiam
908 2064 1046 2127 menses!
1079 2057 1128 2124 nisi

137 2146 222 2211 forte
245 2169 319 2211 eum
347 2148 438 2230 dicis,
466 2149 534 2232 qui,
562 2148 658 2212 simul
686 2153 781 2231 atque
809 2149 960 2234 arripuit,
986 2146 1128 2216 interficit

139 2234 217 2310 Quis
244 2235 344 2300 istum
376 2236 520 2301 dolorem
551 2235 681 2301 timet?-
721 2236 818 2301 Illum
851 2238 982 2302 mallem
1014 2239 1128 2316 levares,

139 2346 201 2407 quo
225 2323 384 2407 optimum
407 2327 502 2408 atque
529 2324 799 2389 humanissimum
826 2326 946 2410 virum,
973 2325 1031 2391 On.
1054 2325 1128 2390 Octa·

138 2412 240 2496 vium,
271 2411 373 2476 Marci
400 2412 516 2496 filium,
548 2412 741 2477 familiarem
774 2436 894 2498 meum,
927 2416 1040 2480 confici
1070 2409 1168 2491 vidi!

137 2523 196 2565 nec
223 2521 299 2566 uero
329 2501 428 2566 semel
455 2522 513 2564 nec
541 2501 582 2565 ad
608 2501 704 2566 breve
731 2504 873 2586 tempus,
906 2503 963 2567 sed
993 2509 1026 2568 et
1053 2517 1129 2582 saepe

138 2593 171 2653 et
199 2589 296 2673 plane
326 2589 389 2654 diu.
440 2588 527 2665 Quos
551 2589 619 2672 ille,
647 2589 679 2653 di
702 2590 913 2655 immortales!
938 2613 1012 2656 cum
1035 2606 1129 2656 omnes

138 2681 226 2742 artus
261 2678 372 2742 ardere
404 2677 602 2760 viderentur,
634 2679 795 2743 cruciatus
827 2677 1024 2762 perferebat!
1076 2675 1130 2743 Nec

137 2771 247 2830 tamen
270 2766 369 2830 miser
392 2786 475 2848 esse,
499 2765 575 2849 quia
598 2788 758 2830 summurn
780 2767 813 2830 id
836 2768 957 2832 malum
981 2791 1048 2834 non
1069 2765 1131 2842 erat,

137 2857 265 2917 tantum
296 2853 392 2917 modo
424 2853 606 2919 laboriosus
639 2855 821 2938 videbatur3
856 2859 890 2919 at
916 2857 1027 2940 miser,
1057 2855 1085 2919 si
1105 2851 1168 2915 iu!¹

86 2942 300 3073 29flagitiosa
323 2944 419 3024 atque
442 2941 558 3006 vitiosa
580 2941 649 3006 vita
672 2943 818 3007 afflueret
840 2944 1070 3026 voluptatibus.
1097 3030 1103 3043 ι

83 3087 119 3136 ⁹4
139 3028 465 3202 quuiiruidveirilteelslse
480 3032 1132 3205 Ἒὲίῗίἒῗἰέοὲῖῗῃέηῒξῖῗέἕὲῃὲηὲῗξῇ

136 3207 240 3271 Video
273 3206 359 3270 enim
392 3210 425 3270 et
455 3227 592 3290 magnos
620 3210 652 3270 et
679 3208 807 3272 eosdem
841 3207 920 3273 bene
953 3208 1132 3294 longinquos

137 3295 277 3377 dolores,
301 3317 436 3379 quorum
456 3294 521 3359 alia
544 3294 693 3360 toleratio
716 3299 766 3360 est
788 3296 907 3375 verior,
931 3319 996 3380 qua
1018 3297 1066 3361 uti
1087 3311 1132 3359 vos
1147 3301 1168 3342 ⁵

137 3406 203 3449 non
220 3384 366 3467 potestis,
386 3382 442 3466 qui
460 3382 664 3462 honestatem
683 3383 788 3467 ipsam
806 3406 864 3468 per
884 3405 917 3448 se
936 3407 1003 3449 non
1021 3381 1132 3449 amatis.

133 3471 348 3537 Fortitudinis
378 3470 532 3555 quaedam
559 3475 734 3556 praecepta
762 3475 837 3536 sunt
860 3494 897 3537 ac
924 3494 1027 3558 paene
1050 3473 1134 3557 leges,
