2346 3876
107 177 173 244 458
304 175 602 232 TUSCULANARUM
619 176 927 234 DIsPUTATIONUM

107 341 228 424 ipsum,
251 339 327 422 quia
348 338 441 404 dolor
464 339 519 416 sit,
542 359 668 422 semper
689 360 759 403 esse
780 337 990 424 fugiendum3
1013 342 1108 424 itaque

107 428 169 493 hac
196 449 330 492 usurum
358 426 620 508 compensatione
651 427 844 510 sapientem,
878 433 918 492 ut
947 431 982 492 et
1009 429 1108 510 volup

107 520 210 581 tatem
232 515 352 599 fugiat,
375 513 404 578 si
426 535 464 579 ea
487 515 642 579 maiorem
665 515 809 579 dolorem
832 515 992 580 effectura
1014 516 1063 598 sit,
1082 518 1109 579 et

107 604 252 670 dolorem
290 601 449 685 suscipiat
483 603 638 667 maiorem
676 602 871 666 efficientem
909 604 1107 688 voluptatem,

108 692 279 775 omniaque
301 689 453 772 iucunda,
476 711 669 774 quamquam
687 711 783 754 sensu
808 691 956 773 corporis
980 692 1123 756 iudicent

55 799 90 848 oo
107 784 175 862 tur,
196 779 237 843 ad
260 778 405 842 animum
427 777 541 842 referri
561 782 679 842 tamen
717 777 878 854 Quocirca
900 799 1020 862 corpus
1041 799 1123 863 gau·

108 867 182 932 dere
207 870 277 930 tam
305 865 372 947 diu,
404 864 481 929 dum
512 869 714 948 praesentem
741 866 878 930 sentiret
908 867 1107 950 voluptatem,

108 955 252 1020 animum
274 957 308 1016 et
329 956 531 1036 praesentem
553 953 716 1037 percipere
738 953 862 1037 pariter
886 974 962 1018 cum
985 973 1108 1037 corpore

108 1047 143 1109 et
162 1041 346 1126 prospicere
369 1040 551 1104 venientem
572 1062 632 1106 uec
652 1041 862 1124 praeteritam
890 1042 1108 1123 praeterfluere

108 1131 221 1196 sinere.
269 1128 323 1192 Ita
348 1131 461 1210 perpet
462 1150 520 1193 uas
549 1132 582 1194 et
603 1132 768 1194 contextas
793 1127 987 1210 voluptates
1015 1130 1048 1192 iu
1068 1148 1136 1192 sau

107 1219 215 1303 piente
236 1214 307 1280 fore
330 1235 469 1298 semper,
492 1237 565 1280 cum
583 1216 762 1299 expectatio
782 1220 988 1298 speratarum
1006 1215 1108 1297 volup·

56 1310 220 1459 34tatupnt
234 1322 304 1368 mm
308 1304 725 1456 11[ΙιιιιθιίῐριιὼιιιιιᾶἀιιιιιᾚΙιιι
746 1304 980 1455 ipugerppur.sf
1055 1395 1108 1469 tur

55 1450 89 1499 ιη
109 1411 362 1563 extenuiiirqui
373 1413 664 1565 magniiicentidldt
676 1411 1109 1562 sldmbtiisinepuladruguduod

109 1590 209 1655 porro
227 1567 317 1632 cultu
333 1572 450 1633 natura
468 1572 620 1632 contenta
638 1567 690 1631 sit
724 1565 857 1631 Etenim
875 1565 950 1648 quis
973 1567 1036 1632 hoc
1052 1586 1138 1630 nonu

109 1657 210 1737 ridet,
233 1653 399 1720 desideriis
422 1655 532 1720 omnia
554 1656 620 1720 ista
641 1654 788 1719 condiri?
837 1651 993 1717 Darius
982 1676 1019 1718 m
1039 1653 1110 1737 fuga

108 1766 182 1812 cum
209 1762 326 1825 aquam
352 1743 518 1807 turbidam
545 1746 579 1807 et
604 1742 813 1807 cadaveribus
839 1740 1046 1824 inquinatam
1067 1741 1111 1804 bi-

110 1833 223 1912 bisset,
249 1828 382 1911 negavit
408 1851 561 1915 umquam
583 1851 618 1894 se
645 1830 768 1894 bibisse
790 1828 971 1893 iucundius
1016 1827 1111 1893 Num·

109 1939 206 2005 quam
232 1915 382 1981 videlicet
412 1918 524 1982 sitiens
551 1918 687 1982 biberat
735 1916 804 1982 Nec
830 1917 978 1981 esuriens
1007 1915 1110 1981 Ptolo

108 2025 218 2072 maeus
242 2002 365 2089 ederat3
392 2006 539 2070 cuicum
565 2005 752 2089 peragranti
773 2005 962 2088 Aegyptum
992 2003 1141 2070 comiti-a

108 2094 169 2158 bus
192 2111 258 2154 uon
280 2056 461 2157 consecutis
479 2094 651 2158 cibarius
640 2114 769 2157 measa
790 2092 885 2176 panis
908 2092 1005 2156 datm
1025 2093 1110 2172 esset,

108 2178 191 2247 nihil
213 2177 320 2240 visum
342 2183 393 2244 est
414 2180 472 2244 illo
494 2202 578 2262 pane
599 2179 776 2246 iucundius.
820 2176 978 2244 Socraten
1000 2180 1109 2255 ferunt

109 2288 181 2333 oum
203 2285 305 2346 usque
327 2267 368 2330 ad
390 2288 561 2351 vesperum
578 2269 761 2333 contentius
787 2266 970 2331 ambularet
993 2265 1111 2352 quaesi·

108 2360 243 2438 tumque
266 2359 352 2418 esset
374 2376 412 2418 ex
435 2375 487 2438 eo,
509 2377 609 2439 quare
630 2356 664 2419 id
685 2356 820 2436 faceret,
844 2355 1051 2437 respondisse
1072 2375 1111 2432 se,

55 2470 91 2525 aa
109 2464 171 2527 quo
186 2440 302 2505 melius
316 2446 453 2525 cenaret,
466 2441 625 2507 obsonare
639 2406 833 2507 ambulando
846 2442 976 2507 famem.
1012 2439 1142 2518 Quidla

108 2531 231 2596 victum
248 2526 609 2595 Lacedaemoniorum
599 2553 634 2594 m
654 2530 795 2613 philitiis
817 2550 925 2596 nonne
947 2526 1111 2594 videmus?

108 2617 175 2685 Ubi
202 2638 274 2681 cum
301 2623 458 2701 tyrannus
489 2619 669 2682 cenavisset
694 2617 887 2702 Dionysius,
917 2618 1052 2702 negavit
1080 2635 1111 2680 se

108 2707 177 2773 iure
204 2704 263 2768 illo
289 2707 395 2790 nigro,
427 2705 511 2788 quod
540 2726 637 2769 cenae
669 2710 766 2789 caput
796 2709 879 2787 erat,
912 2705 1112 2770 delectatum

108 2794 189 2861 'l‘um
212 2793 256 2873 is,
284 2793 340 2876 qui
366 2793 425 2856 illa
447 2797 590 2857 coxerat:
620 2792 791 2857 ‘Minime
814 2794 963 2874 mirum3
987 2792 1111 2858 condi·

109 2883 235 2951 monta
257 2881 354 2944 enim
378 2878 604 2944 defuerunt'
656 2879 774 2957 ‘Quae
796 2879 988 2945 taudem‘?'
1011 2878 1144 2963 inquito

107 2969 173 3041 illc.
214 2964 354 3031 ‘Labor
375 2967 417 3030 iu
439 2971 593 3048 venatu,
615 2967 743 3051 sudor,
766 2989 901 3033 cursus
925 2966 971 3031 ad
994 2966 1112 3032 Euro·

108 3062 198 3137 tam,
233 3052 367 3136 fames,
399 3054 498 3118 sitis.
551 3054 622 3119 His
654 3056 753 3119 enim
784 3057 898 3120 rebus
930 3053 1114 3120 Lacedae·

111 3142 320 3217 proniorem
339 3141 474 3223 epulae
493 3141 748 3207 condiuntur?
787 3142 896 3227 Atque
913 3142 975 3207 hoc
994 3164 1061 3207 non
1078 3163 1115 3205 ex

111 3231 275 3309 bornicum
302 3249 392 3293 more
419 3228 537 3311 solum,
565 3230 620 3294 sed
643 3230 804 3294 etiamen
832 3229 947 3294 bestiis
968 3228 1114 3314 intellegi

109 3323 231 3405 potest,
254 3337 349 3402 quae,
371 3317 410 3379 ut
431 3279 582 3398 quicqirid
602 3317 833 3382 obiectumt
783 3321 833 3382 est
837 3368 846 3402 ,
869 3317 955 3403 quod
976 3318 1073 3383 modo
1096 3333 1146 3381 aas

110 3414 224 3489 tratura
251 3425 317 3469 uon
344 3402 388 3467 sit
417 3402 571 3485 alienum,
600 3426 638 3470 eo
666 3409 837 3471 contentae
863 3427 930 3470 nou
958 3408 1116 3489 quaerunt

51 3534 83 3577 p
91 3482 463 3624 ..ιψηιιιιι
491 3490 652 3576 quaedam
680 3493 850 3558 universae
881 3513 973 3557 more
1002 3494 1116 3559 doctae
