2346 3876
110 172 173 238 102
274 173 322 226 DE
340 170 485 227 FINIBUS
504 171 684 228 BONORUM
701 171 749 226 ET
767 170 952 227 MALORUM

106 334 236 399 habeat.
272 334 358 398 Nam
378 336 406 399 si
424 334 662 413 concederetur,
687 334 814 399 etiamsi
835 335 884 399 ad¹
898 336 1118 419 corpus'nihil

107 423 277 502 referatur,
300 425 365 488 ista
389 445 448 488 sua
470 425 586 506 sponte
610 425 643 486 et
664 444 774 507 perse
796 444 866 487 esse
889 423 1039 508 iucunda,
1061 428 1156 508 perd

108 533 142 574 se
166 514 252 575 esset
275 515 309 575 et
324 511 427 576 virtus
446 515 479 576 et
497 510 780 596 cognitiorerum,
803 511 887 597 quod
906 513 1040 577 minime
1063 513 1119 578 ille

55 613 89 661 26
108 599 189 684 vult,
219 600 404 684 expetenda.
426 631 428 637 v
448 599 538 665 Haec
559 599 659 683 igitur
681 599 813 682 Epicuri
834 621 901 665 non
922 601 1042 685 probo,
1070 603 1118 666 in-

108 710 214 773 quam.
254 687 312 770 ‚De
339 691 447 753 cetero
469 688 586 752 vellem
614 687 761 771 equidem
784 690 841 752 aut
865 688 937 772 ipse
960 688 1141 755 doctriniss

107 777 224 841 fuisset
259 777 451 842 instructior
487 773 553 862 (est
589 776 687 859 eninr,
718 775 803 859 quod
839 777 901 841 tibi
937 777 985 841 ita
1016 778 1118 843 videri

107 885 237 930 necesse
265 864 328 943 est,
355 887 423 931 non
450 865 530 928 satis
557 864 678 947 politus
709 863 750 928 iis
779 864 915 948 artibus,
948 887 1030 949 quas
1062 867 1117 951 qui

106 957 232 1036 tenent,
261 952 379 1018 eruditi
406 949 626 1038 appellantur)
655 954 711 1016 aut
731 973 773 1016 ne
804 952 1014 1017 deterruisset
1036 954 1117 1020 alios

109 1041 276 1106 astudiis.
328 1040 529 1127 Quamquam
557 1043 590 1103 te
618 1040 745 1125 quidem
775 1040 868 1106 video
891 1041 1025 1106 minime
1048 1065 1117 1107 esse

108 1130 306 1194 deterritum.
1129 1157 1151 1196 ro

70 1224 90 1288 8
176 1216 267 1293 Quae
293 1238 367 1282 cum
395 1216 562 1301 dixissem,
590 1218 695 1302 magis
721 1220 759 1281 ut
782 1218 875 1282 illum
897 1239 1118 1304 provocarem,

107 1327 203 1389 quam
227 1308 264 1369 ut
286 1305 355 1390 ipse
377 1306 539 1390 loquerer,
561 1308 629 1369 tum
653 1305 797 1370 Triarius
819 1305 936 1370 leniter
958 1307 1118 1372 arridens:

108 1394 156 1458 Tu
187 1393 329 1478 quidem,
355 1394 476 1478 inquit,
501 1397 608 1458 totum
634 1393 810 1478 Epicurum
837 1415 940 1478 paene
969 1416 987 1458 e
1014 1395 1117 1478 philo-

109 1481 285 1564 sophorum
317 1482 415 1548 choro
448 1482 615 1547 sustulisti.
670 1481 754 1558 Quid
787 1483 816 1546 ei
847 1482 1024 1568 reliquisti,
1054 1485 1117 1548 nisi

107 1574 154 1653 te,
178 1592 305 1655 quoquo
324 1571 422 1636 modo
440 1571 639 1656 loqueretur,
657 1569 859 1655 intellegere,
879 1571 957 1654 quid
976 1571 1116 1636 diceret?
1129 1594 1151 1636 u

108 1659 227 1724 Aliena
254 1659 335 1723 dixit
360 1660 395 1724 in
422 1659 567 1744 physicis
593 1680 653 1722 nec
681 1680 719 1722 ea
741 1658 825 1743 ipsa,
854 1680 937 1742 quae
959 1660 1023 1724 tibi
1045 1681 1116 1743 pro·

108 1747 275 1829 barentum
316 1747 343 1812 si
374 1769 438 1830 qua
469 1748 504 1811 in
533 1747 575 1811 iis
608 1748 768 1830 corrigere
804 1747 920 1831 voluit,
957 1747 1118 1813 deteriora

107 1835 197 1919 fecit3
236 1835 413 1900 disserendi
451 1839 553 1900 artem
589 1835 712 1899 nullam
750 1834 878 1920 habuit3
915 1835 1117 1919 voluptatem

108 1945 181 1986 cum
219 1945 380 1988 summum
412 1924 533 1988 bonum
565 1922 697 2006 diceret,
733 1923 874 2007 primum
905 1923 941 1987 in
974 1945 1013 1989 eo
1046 1926 1117 2007 ipso

106 2032 223 2094 parum
249 2011 343 2095 vidit,
371 2011 484 2076 deinde
511 2010 573 2076 hoc
600 2033 727 2096 quoque
754 2011 909 2094 alienum3
937 2033 1016 2077 nam
1044 2016 1151 2078 anteco

109 2098 311 2182 Aristippus,
343 2103 376 2162 et
405 2100 462 2164 illo
495 2100 617 2164 melius.
672 2099 835 2164 Addidisti
867 2099 908 2164 ad
939 2103 1118 2166 extremum

56 2187 208 2258 aretiam
235 2186 401 2252 indoctum
427 2187 536 2252 fuisse.
585 2187 684 2272 Fieri,
712 2189 858 2274 inquam,
881 2187 1000 2273 Triari,
1029 2190 1118 2254 nullo

109 2277 205 2359 pacto
228 2279 350 2359 potest,
377 2278 502 2341 utnon
525 2275 623 2361 dicas,
652 2277 728 2361 quid
754 2298 821 2341 non
843 2277 962 2360 probes
985 2277 1069 2361 eius,
1099 2301 1118 2342 a

109 2385 172 2448 quo
197 2363 377 2429 dissentias.
423 2362 505 2439 Quid
529 2365 614 2428 enim
636 2387 687 2428 me
713 2365 900 2448 prohiberet
920 2364 1118 2448 Epicureum

110 2473 193 2536 esse,
216 2452 244 2516 si
266 2453 451 2536 probarem,
473 2474 555 2536 quae
577 2453 632 2516 ille
657 2453 797 2517 diceret?
831 2475 902 2518 cum
924 2456 1152 2537 praesertimu

108 2541 167 2605 illa
189 2540 369 2623 perdiscere
391 2541 486 2606 ludus
510 2546 604 2606 esset.
642 2540 745 2616 Quam
768 2542 810 2605 ob
833 2563 902 2606 rem
926 2541 1118 2608 dissentien-

108 2630 191 2693 tium
218 2629 303 2694 inter
331 2651 365 2694 se
391 2630 656 2714 reprehensiones
685 2651 751 2695 non
774 2634 849 2694 sunt
871 2629 1118 2714 vituperandam

109 2717 293 2801 maledicta,
316 2718 543 2800 contumeliae,
571 2721 640 2782 tum
659 2717 864 2802 iracundiae,
894 2719 1117 2784 contentiones

109 2807 427 2890 concertationesque
459 2805 494 2869 in
526 2806 718 2890 disputando
750 2807 932 2891 pertinaces
964 2807 1118 2894 indignae

56 2913 90 2964 28
108 2891 316 2976 philosophia
356 2893 436 2958 mihi
476 2894 576 2958 videri
618 2895 732 2960 solent.
794 2894 877 2959 Tum
920 2894 1118 2980 Torquatus:
1131 2921 1156 2962 11

107 2980 259 3063 Prorsus,
281 2981 401 3064 inquit,
429 2983 603 3066 assentior3
630 3003 733 3067 neque
757 2983 842 3047 enim
865 2983 1026 3066 disputari
1049 2985 1118 3049 sine

107 3069 356 3153 reprehensione
379 3091 438 3133 nec
461 3091 533 3134 cum
562 3070 727 3136 iracundia
750 3074 807 3136 aut
828 3072 1009 3155 pertinacia
1030 3076 1119 3137 recte

108 3158 266 3241 disputari
297 3160 413 3241 potest.
467 3156 529 3224 Sed
557 3158 599 3223 ad
630 3160 724 3238 haec,
756 3160 820 3223 nisi
852 3161 1026 3226 molestum
1060 3163 1119 3243 est,

106 3246 213 3312 habeo
241 3267 323 3330 quae
350 3247 457 3311 velim.
506 3247 559 3311 An
586 3269 651 3332 me,
680 3249 824 3332 inquam,
854 3249 919 3312 nisi
946 3251 979 3312 te
1008 3250 1119 3314 audire

107 3335 238 3419 vellem,
266 3356 375 3400 censes
405 3335 486 3400 haee
508 3336 669 3400 dicturum
690 3336 813 3401 fuisse?
863 3335 982 3402 Utrum
1009 3338 1119 3421 igitur,
1132 3361 1156 3403 11

108 3423 224 3508 inquit,
256 3424 400 3507 percurri
434 3446 578 3490 omnem.
593 3424 727 3508 Epicuri
763 3424 970 3507 disciplinam
1001 3427 1119 3510 placet,

99 3532 144 3573 an
172 3511 213 3574 de
241 3534 306 3578 nna
336 3513 504 3599 voluptate
527 3513 653 3600 quaeri,
680 3514 719 3579 de
747 3533 811 3597 qua
833 3534 928 3578 omne
951 3518 1119 3580 certamen
