2346 3876
331 114 399 170 LIB.
417 115 451 171 V.
480 115 557 171 CAP.
577 123 624 186 20,
643 123 685 174 21.
713 123 821 183 §56—
827 125 868 173 60.
1038 120 1101 184 261

96 276 372 360 etoognitionem
399 280 432 341 et
454 299 548 343 usum
576 278 642 341 iam
665 279 865 344 corroborati
840 282 1042 372 tnatura'
1032 304 1105 382 rpsa

94 367 271 448 praeeunte
294 364 487 429 deducimur.
529 365 682 430 Omnium
706 368 790 431 enim
813 389 921 432 rerum
943 368 1104 454 principia

92 474 196 535 parva
224 455 313 535 sunt,
332 452 404 524 ,sed
433 453 499 517 suis
531 455 811 538 progressionibus
842 477 903 520 usa
935 461 1104 541 augentur,

93 561 152 605 neo
181 539 251 604 sine
278 561 389 623 causa,
416 541 451 604 in
477 541 582 624 primo
609 543 696 607 enim
728 547 801 608 ortu
833 544 918 608 inest
948 545 1103 610 teneritas

69 649 131 692 sac
158 627 303 693 mollitia
329 628 499 712 quaedam,
526 633 564 694 ut
588 651 647 695 nec
670 652 721 695 res
748 631 857 696 videre
880 633 1021 783 optimas
1043 655 1103 698 nec

93 736 191 801 agere
218 716 355 800 possint.
332 679 545 782 tVirtritis
573 719 660 783 enim
687 719 762 783 beat
748 724 863 802 taeque
890 721 937 783 vit
939 742 989 804 ae,
1021 742 1103 804 quae

92 805 156 869 duo
185 804 327 868 maxime
361 805 539 889 expetenda
567 811 655 890 sunt,
687 807 788 871 serius
821 807 930 909 lurnen
960 813 1103 892 apparet,

91 893 196 957 multo
216 893 315 957 etiam
334 893 450 975 serius,
473 897 510 958 ut
531 895 627 977 plane
650 895 805 978 qualia
779 898 898 960 sintin
864 896 1102 997 intellegantur.

92 979 263 1045 Praeclare
292 981 378 1044 enim
403 980 511 1047 Plato:
548 981 656 1047 Beat
641 986 735 1064 tum,
763 984 823 1048 cui
846 984 994 1048 etiam
984 1007 1023 1049 ιιι
1046 1006 1102 1048 ιι·

57 1072 253 1134 roneotute
294 1069 519 1153 contigerit,
565 1074 605 1136 ut
634 1071 876 1222 sapientiam
916 1094 1102 1156 verasque

93 1158 303 1240 opiniones
336 1158 491 1241 assequi
521 1159 661 1241 possit!
666 1157 850 1244 'Quare,
881 1161 1052 1244 quoniam
1064 1162 1102 1226 de

91 1244 207 1330 primis
235 1248 371 1310 naturae
399 1245 656 1311 commodist
605 1249 656 1310 sat
657 1247 686 1311 is
713 1247 780 1312 dict
766 1253 836 1312 tum
866 1252 929 1331 est,
955 1272 1040 1314 nuno
1064 1249 1102 1313 de

92 1332 272 1398 maioribus
290 1333 623 1418 consequentibusque
643 1335 818 1400 videamus.
854 1299 1036 1400 Natirra‘o
1002 1358 1036 1422 lg
1038 1338 1102 1401 itur
1119 1353 1151 1400 ιι

92 1443 211 1523 corpus
236 1420 364 1505 quidem
390 1421 533 1486 hominis
562 1422 608 1486 sic
631 1427 664 1486 et
687 1424 798 1507 genuit
823 1427 856 1486 et
877 1423 1043 1507 formavit,
1016 1430 1102 1490 tut

56 1535 79 1575 ιι
93 1509 192 1575 alia
181 1531 218 1574 ιιι
239 1510 345 1593 primo
364 1513 438 1575 ortu
459 1511 641 1594 perficeret,
663 1511 728 1575 alia
750 1510 974 1594 progrediente
995 1517 1101 1577 ιιιιιι

92 1597 232 1684 fingeret
261 1619 365 1682 neque
398 1619 476 1662 sane
508 1598 590 1662 mult
575 1601 646 1662 turn
673 1598 868 1663 adiumentis
900 1600 1041 1664 externis
1069 1605 1102 1664 et

93 1685 285 1751 adventiciis
308 1689 466 1768 uteretur3
490 1687 634 1750 animum
653 1689 761 1752 autem
778 1687 911 1771 reliquis
934 1687 1030 1752 rebus
1053 1689 1101 1752 ita

91 1772 241 1857 perfecit,
263 1776 301 1838 ut
323 1795 453 1858 corpus;
477 1774 623 1838 sensibus
642 1775 727 1838 eninr
747 1777 874 1839 ornavit
893 1775 934 1840 ad
956 1796 1006 1839 res
1030 1797 1101 1858 per-

93 1861 260 1945 cipiendas
283 1861 421 1940 idoneis,
443 1865 480 1925 ut
466 1861 582 1926 tnihil
601 1866 657 1926 aut
674 1884 742 1927 non
760 1863 897 1927 multum
915 1863 1100 1928 adiumento

55 1949 162 2015 soullo
189 1947 230 2014 ad
258 1971 351 2015 suam
378 1949 654 2015 confirmationem
680 1950 852 2036 indigeret3
879 1952 964 2036 quod
992 1956 1048 2016 aut
1050 1973 1101 2016 em

92 2038 128 2103 in
155 2037 288 2102 homine
319 2038 636 2120 praestantissimum
663 2042 760 2122 atque
787 2040 946 2122 optimum
974 2043 1035 2124 est,
1009 2040 1101 2104 tid

92 2125 244 2190 deseruit.
279 2122 354 2190 Etsi
377 2123 466 2189 dedit
451 2126 588 2191 ttalem
606 2131 695 2190 ment
697 2149 761 2210 em,
784 2149 864 2228 quae
888 2149 1016 2194 omnem
1039 2129 1100 2193 vir-

91 2216 197 2278 tutem
225 2212 369 2297 accipere
395 2217 518 2296 posset,
545 2214 754 2316 ingenuitque
778 2217 846 2280 sine
876 2215 1023 2280 doctrina
1044 2238 1101 2281 no-

91 2301 184 2366 titias
216 2321 332 2385 parvas
367 2321 475 2365 rerum
511 2303 724 2367 maximarum
761 2306 794 2367 et
829 2304 922 2386 quasi
957 2303 1035 2383 insti
1037 2305 1102 2369 tuit

54 2413 79 2454 ιι
92 2388 207 2455 ιιοιιιι
236 2392 269 2453 ιι
296 2387 423 2454 induxit
444 2390 479 2453 in
501 2411 553 2474 ea,
580 2412 661 2474 quae
684 2391 824 2472 inerant,
852 2393 1017 2473 tamquam
1040 2392 1100 2455 ele·

92 2480 204 2543 menta
231 2477 371 2542 virtutis.
416 2474 479 2542 Sed
505 2478 659 2543 virtutem
680 2478 786 2561 ipsam
813 2477 992 2561 inchoavit,
1018 2478 1101 2542 nihil

92 2565 245 2649 amplius.
297 2563 410 2649 Itaque
441 2568 589 2631 nostrum
622 2569 671 2630 est
703 2564 802 2651 (quod
837 2568 984 2630 nostrum
1020 2565 1101 2650 dico,
1120 2582 1151 2630 ιι]

92 2653 174 2718 artis
212 2650 275 2740 est)
311 2652 351 2717 ad
389 2674 427 2717 ea
461 2653 636 2737 principia,
675 2675 757 2738 quae
794 2653 988 2737 accepimus,
1030 2671 1112 2719 con·¹

93 2741 264 2826 sequentia
303 2739 482 2824 exquirere,
519 2742 625 2826 quoad
662 2742 706 2806 ιιι
741 2742 786 2824 id,
822 2741 907 2825 quod
942 2743 1101 2826 volumus,

54 2853 80 2894 ιο
93 2829 257 2911 effectum3
284 2827 369 2912 quod
397 2829 525 2912 quidem
551 2829 654 2913 pluris
678 2833 728 2893 est
754 2830 839 2894 haud
862 2830 959 2913 paulo
982 2832 1100 2916 magis·

92 2938 155 3001 que
184 2916 291 3000 ipsum
319 2921 452 3000 propter
481 2939 515 2981 se
544 2917 755 3001 expetendum
783 2939 879 3001 quam
908 2921 965 2983 aut
988 2941 1100 2984 sensus

92 3008 151 3070 aut
168 3004 315 3088 corporis
334 3026 384 3083 ea,
405 3025 487 3088 quae
506 3005 658 3089 diximus,
676 3005 792 3089 quibus
810 3009 938 3072 tantum
956 3010 1102 3089 praestat

91 3093 212 3158 mentis
231 3092 389 3156 excellens
411 3091 586 3176 perfectio,
603 3097 640 3157 ut
657 3093 711 3156 vix
729 3093 866 3178 cogitari
888 3094 1002 3178 possit,
1025 3092 1101 3178 quid

90 3180 232 3246 intersit
267 3178 381 3263 Itaque
404 3181 509 3244 omnis
532 3180 648 3265 ιιοιιοι,
672 3182 775 3246 omnis
800 3181 981 3262 admiratio,
1005 3203 1099 3245 omne

51 3293 78 3334 ιι
92 3268 236 3333 studium
264 3267 304 3331 ad
326 3268 480 3332 virtutem
503 3274 536 3333 ιι
558 3268 599 3332 ad
622 3290 677 3333 eas
700 3269 858 3352 actiones,
882 3289 963 3351 quae
986 3269 1100 3332 virtuti

90 3359 326 3422 consentaneae
354 3359 444 3439 sunt,
471 3355 623 3439 refertur,
651 3376 750 3439 eaque
777 3357 900 3438 omnia,
932 3376 1013 3437 quae
1044 3359 1101 3419 aut

89 3444 140 3509 ita
161 3444 198 3509 in
220 3442 336 3508 animis
359 3447 436 3507 sunt
458 3444 582 3508 autito
605 3447 773 3531 geruntur,
796 3464 861 3508 uno
883 3441 1018 3506 nomine
1036 3443 1105 3506 bo·
1137 3446 1151 3518 f
