2346 3876
224 182 292 236 Lm.
311 182 359 236 111.
388 181 463 238 CAP.
482 189 530 250 ar,
549 188 591 238 aa.
620 188 635 248 s
655 188 775 238 m-sa
943 181 1006 244 199

35 343 135 408 nonina
159 344 335 428 possideat,
363 365 444 428 quae
471 344 599 408 irrideri
628 344 668 408 ab
701 344 858 427 imperitis
892 345 1006 410 solent.

34 427 134 494 Rectius
156 432 241 495 enim
270 431 487 514 appellabitur
513 453 568 495 rex
595 454 693 515 quam
716 431 923 516 Tarquinius,
951 434 1006 516 qui

34 537 74 581 uec
91 541 119 582 se
139 541 197 585 nec
216 541 292 584 suos
310 540 421 604 regere
440 519 560 602 potuit,
582 520 701 584 rectius
720 521 878 604 magister
895 521 1007 603 populi

34 600 62 688 (is
79 607 152 671 enim
181 610 231 671 est
259 603 413 692 dictator)
440 629 537 690 quam
565 605 667 684 Sulla,
700 608 755 690 qui
782 608 880 671 trium
908 609 1006 690 pesti·

34 691 141 758 ferorum
181 695 348 778 vitiorum,
388 695 546 778 luxuriae,
588 695 757 778 avaritiae,
798 695 1007 776 crudelitatis

34 782 155 865 magister
180 783 258 866 fuit,
285 783 404 847 rectius
433 782 521 846 dives
549 805 645 866 quam
674 780 823 864 CrassuS,
855 783 910 866 qui
941 783 1008 846 nisi

34 871 155 953 eguisset,
178 891 353 953 numquam
372 869 563 953 Euphraten
581 871 671 934 nulla
689 870 765 935 belli
784 891 880 935 causa
902 874 1007 935 trans-

34 954 61 1018 'ue
81 958 245 1039 voluisset3
272 962 359 1022 recte
388 959 456 1022 eius
484 958 593 1021 omnia
616 958 773 1041 dicentur,
796 959 852 1041 qui
875 959 936 1022 soit
958 958 1007 1021 uti

34 1043 93 1109 solus
111 1047 267 1125 omnibus,
286 1049 372 1110 recte
391 1045 489 1110 etiam
507 1045 640 1128 pulcher
660 1046 874 1130 appellabitur
893 1043 1006 1132 (animi

34 1131 91 1196 enin
111 1133 299 1198 liniamenta
318 1138 393 1198 sunt
410 1133 595 1216 pulchriora
613 1155 711 1216 quam
731 1131 898 1219 corporis),
920 1137 1026 1199 recte·

34 1219 92 1284 ulus
126 1222 208 1285 liber
243 1237 309 1285 nec·
333 1221 546 1287 dominationi
577 1221 764 1305 cuiusquam
800 1244 915 1305 parens
948 1244 1006 1304 nec

34 1305 172 1373 ›boediens
211 1309 397 1392 cupiditati,
435 1312 520 1373 recte
557 1309 712 1391 invictus,
750 1311 839 1374 cuius
877 1309 1006 1374 etiamsi
1026 1318 1062 1366 76

34 1411 116 1478 *orpus
139 1397 392 1481 constringatur,
416 1397 523 1460 animo
545 1400 656 1460 tamen
672 1397 801 1461 vincula
822 1398 899 1462 inici
916 1398 1007 1462 nulla

34 1484 140 1568 possint,
166 1506 226 1549 nec
250 1487 413 1568 exspectet
442 1485 543 1548 ullum
556 1487 694 1567 tempus
719 1486 848 1568 aetatis,
875 1488 911 1548 ut
937 1488 1007 1548 tum

34 1565 136 1655 lenique
153 1572 321 1654 iudicetur,
339 1572 495 1636 beatusne
513 1572 619 1656 fuerit,
638 1594 710 1636 cum
725 1576 904 1635 extremum
920 1572 1007 1635 vitae

34 1653 89 1722 lien
105 1662 208 1725 morte
228 1659 408 1736 confecerit,
427 1659 513 1743 quod
530 1660 586 1724 ille
604 1682 686 1724 unus
706 1681 722 1723 e
742 1662 865 1741 septem
882 1659 1008 1742 sapien-

34 1741 90 1810 ibus
110 1768 174 1813 non
199 1748 362 1830 sapienter
384 1745 539 1812 Croesum
563 1748 697 1813 monuit.
733 1747 819 1811 Nam
843 1747 870 1810 si
893 1746 1007 1810 beatus

34 1850 153 1917 mquam
171 1835 301 1917 fuisset,
324 1835 453 1899 beatam
471 1836 573 1899 vitam
592 1857 694 1919 usque
714 1834 754 1899 ad
772 1835 864 1898 illum
883 1857 902 1897 a
921 1832 1007 1916 Cyro

34 1924 199 1987 astructum
226 1943 342 2007 rogum
375 1923 574 2006 pertulisset.
625 1922 717 1998 Quod
745 1924 774 1987 si
802 1922 849 1986 ita
878 1925 940 2005 est,
973 1925 1009 1984 ut

34 2023 105 2090 reque
131 2011 301 2094 quisquam
328 2010 390 2074 nisi
417 2012 522 2075 bonus
551 2011 600 2075 vir
628 2015 661 2074 et
684 2032 794 2075 omues
820 2010 898 2075 boni
921 2009 1008 2073 beati

34 2092 83 2179 int,
109 2097 183 2182 quid
210 2097 419 2180 philosophia
446 2098 551 2182 magis
580 2097 749 2162 colendum
773 2101 829 2163 aut
858 2098 1009 2182 quidest

34 2180 307 2250 inaudimus?

248 2487 296 2558 M.
326 2425 487 2556 TULLII
514 2483 761 2558 CICERONIS

34 2639 80 2728 bu
111 2647 322 2734 FINIBUS
359 2647 616 2732 BONORUM
651 2648 718 2730 m
749 2645 1009 2731 MALORUM
1089 2738 1092 2750 ,

394 2793 444 2846 AD
462 2793 617 2847 BRUTUM

322 2917 456 2984 LIBER
479 2915 692 2994 QUARTUS.

453 3079 558 3086 ———-

328 3186 682 3246 ARGUMENTUM.

81 3299 155 3358 lnitio
187 3304 253 3357 libri
286 3301 397 3369 Cicero,
429 3303 461 3354 ut
494 3301 624 3356 ostendat
649 3302 757 3355 nullam
785 3317 896 3354 causam
923 3299 1008 3352 fuisse

34 3357 119 3442 Ztuoni,
138 3392 185 3429 cur
203 3391 220 3427 a
238 3372 379 3427 veteribus
398 3371 573 3426 Academicis
593 3373 622 3424 et
639 3370 833 3440 Peripateticis
852 3368 1008 3421 desciscens

34 3444 107 3494 rovum
128 3443 305 3513 disciplinam
328 3443 473 3509 conderet,
502 3441 629 3510 exponit,
660 3458 714 3510 quo
738 3439 822 3493 modo
850 3437 893 3490 illi
919 3437 1009 3505 philo·

34 3507 130 3572 sophiam
144 3514 327 3569 constitutam
340 3512 502 3584 habuerint,
516 3528 535 3566 e
550 3511 629 3566 cuius
641 3511 732 3565 tribus
745 3507 873 3583 partibus
886 3507 1013 3562 ethicam
