2346 3876
99 158 164 223 348
293 144 590 213 nuscunnnnuu
609 153 912 210 mspuunnlouun
1027 209 1030 213 ,

98 319 218 403 Incipit
240 319 321 402 labi,
344 317 457 382 deinde
479 319 555 383 ilico
579 317 712 382 desinit:

167 441 337 524 Operite,
361 439 572 522 abscedite,
594 440 670 503 idm
692 439 847 503 tandem

167 528 328 612 Mittite3
351 550 434 593 nam
459 530 674 592 attrectatu
697 529 736 591 et
757 548 900 610 quassu

211 614 371 680 Saevum
395 615 651 699 dmplifioatis
674 614 856 678 dolorem.

99 757 255 835 Videsne,
290 759 328 821 ut
359 755 556 820 obmutuerit
586 775 652 819 non
690 755 821 818 sedatus
859 755 1016 838 eorporis,
1047 749 1104 816 sedt

101 846 280 930 castigatus
307 844 408 908 animi
434 842 547 908 dolor?
596 842 710 925 Itaque
737 843 772 906 in
799 842 952 906 extremis
981 838 1089 924 Niptris

101 932 182 998 alios
206 953 330 1015 quoque
353 930 516 1014 obiurgat,
541 930 637 1013 idque
659 928 814 994 moriens:
1120 920 1123 981 !

168 1053 358 1137 Conqueri
387 1053 584 1116 fortunam
618 1052 829 1135 adversam,
862 1054 939 1203 11όέ
969 1053 1091 1116 lamen·
1120 1036 1123 1061 ³

800 1137 884 1203 tari
931 1143 1022 1205 ecet.
1120 1134 1123 1177 :

168 1213 210 1291 id
228 1227 304 1290 viri
323 1229 383 1290 est
400 1225 589 1309 officium,
612 1226 730 1290 fletus
749 1225 1092 1379 muliebdrdissngenio

858 1337 878 1378 a
937 1337 949 1378 1
972 1337 1021 1378 us.

102 1454 207 1519 Huius
239 1455 338 1519 animi
364 1476 440 1539 pars
467 1454 527 1519 illa
553 1455 684 1519 mollior
710 1455 831 1520 rationi
860 1455 908 1519 sic
934 1455 1049 1538 paruit,
1067 1454 1120 1514 uu·

50 1565 214 1658 22seuero
238 1543 427 1657 imperatopi
449 1542 542 1642 niiles
565 1543 696 1625 pudens.
749 1630 755 1642 Ι
817 1630 824 1643 .

50 1674 83 1721 51
168 1630 208 1695 In
234 1652 297 1714 quo
324 1651 400 1694 vero
429 1630 491 1693 ent
517 1629 660 1713 perfecto
686 1632 847 1712 sapientia
873 1627 986 1714 (quem
1008 1628 1095 1694 adhuc

103 1741 163 1785 nos
196 1718 323 1801 quidem
359 1716 498 1781 vidimus
534 1717 708 1801 neminem,
750 1717 806 1780 sed
842 1717 1095 1802 philosophorum

103 1805 285 1957 senisu
304 1804 425 1976 ucis,
441 1804 495 1955 u
809 1804 915 1957 eu
939 1802 1123 1958 usu

103 1915 363 2063 ideddperdbcta
385 1941 482 2064 atdue
505 1913 668 2064 atigsloluta,
692 1980 738 2044 sic
760 1979 810 2042 illi
828 1943 917 2064 parti
937 1915 1099 2064 {imperabit

103 2067 264 2150 inferiori,
292 2071 329 2131 ut
358 2067 460 2131 iustus
493 2089 610 2150 parens
640 2067 751 2151 probis
780 2067 869 2152 filiis,
902 2073 998 2151 nutu,
1027 2064 1098 2152 quod

104 2155 205 2232 volet,
237 2155 396 2237 conficiet,
429 2155 517 2219 nullo
549 2155 673 2238 labore,
699 2154 789 2219 nulla
814 2156 980 2240 molestia,
1010 2156 1099 2238 eriget

103 2242 190 2394 {lpse}
207 2263 253 2342 se,
285 2242 469 2394 specissapit,
487 2242 654 2393 linstruet,
686 2243 849 2393 madidi
871 2247 909 2306 ut
944 2247 1123 2397 tapnqbioam,

103 2350 436 2500 totftntssttt
455 2329 980 2502 stttqttttsmt¹2tttt
991 2350 1099 2484 suni}

51 2517 85 2564 52
105 2502 207 2570 ‘Cave
232 2509 326 2590 turpe
355 2505 539 2590 quicquam,
565 2504 769 2589 languidum,
796 2526 862 2569 non
889 2506 1005 2571 virile?
1047 2504 1099 2570 Ob·

103 2596 273 2745 ffiu
298 2591 615 2745 3⁰⁰i⁶³ebi¹sse⁸iii
634 2613 757 2745 dii?
790 2591 880 2745 tt?
912 2597 1101 2747 Pfflif

105 2768 188 2833 scios
211 2701 565 2851 de'lebdaeptbbannidis
588 2701 819 2852 indicaret3pde
837 2703 1034 2834 Adadarcho
1050 2767 1123 2832 Des

104 2855 252 2920 mocritio
276 2856 448 2939 cogitetur,
470 2856 526 2939 qui
546 2877 619 2920 cum
638 2852 738 2939 Cypri
760 2856 796 2920 in
817 2877 935 2921 manus
953 2857 1101 2921 Timocre

105 2942 191 3006 ontis
207 2943 294 3026 regis
311 2942 485 3026 incidisset,
503 2943 627 3007 nullum
641 2963 743 3027 genus
757 2943 909 3026 supplicii
923 2945 1100 3028 deprecatus

104 3033 155 3093 est
176 3050 278 3111 neque
300 3031 468 3095 recusavit.
509 3028 650 3094 Galenus
673 3028 785 3115 Indus,
807 3030 956 3096 indoctus
980 3054 1018 3097 ac
1039 3033 1099 3095 bn

102 3116 215 3198 barus,
237 3116 273 3179 in
290 3115 453 3192 radicibus
472 3115 609 3182 Caucasi
626 3121 735 3201 natus,
754 3140 813 3182 sua
830 3118 1001 3184 voluntate
1019 3119 1099 3183 vivus

104 3204 290 3268 combustus
319 3207 375 3267 est.
423 3204 506 3288 Nos,
534 3206 562 3269 si
589 3227 647 3288 pes
675 3205 852 3287 condoluit,
880 3206 910 3270 si
938 3207 1016 3271 dens
1041 3201 1123 3286 [ads

103 3292 155 3356 fac
173 3294 279 3355 totum
297 3291 404 3356 dolere
423 3294 566 3375 corpus],
588 3292 672 3356 ferre
690 3315 757 3358 non
773 3314 956 3375 possumus.
994 3291 1097 3378 Opinio

104 3384 155 3444 est
177 3380 260 3443 enim
288 3378 445 3463 quaedam
467 3380 650 3445 effeminata
674 3401 711 3445 oc
736 3381 829 3463 levis,
855 3402 917 3446 nec
944 3381 1096 3446 indolere

99 3466 209 3554 magis
229 3489 324 3553 quam
344 3466 454 3531 eadem
476 3467 711 3578 inuoluptate,
733 3490 796 3551 qua
813 3489 887 3532 cum
904 3469 1095 3554 liquescimus
