2356 3870
297 175 364 231 Luc.
383 177 404 255 Ι..
435 175 513 231 cnr.
533 182 656 232 10-12.
681 181 836 243 §ao-41.
1006 177 1069 241 107

51 337 189 402 modum
214 337 258 402 sit
280 337 427 422 affectus,
450 359 524 402 eum
547 358 678 403 neeesse
703 341 753 405 est
771 343 827 405 aut
848 340 884 405 in
902 340 1068 422 voluptate

53 446 125 490 esse
151 425 268 489 autin
290 425 409 492 dolore.
460 424 573 491 Omnis
602 428 710 491 autem
735 428 918 511 privatione
948 428 1068 494 doloris

53 515 151 598 putat
187 511 349 597 Epicurus
388 514 557 578 terminari
590 535 749 579 summam
783 516 997 599 voluptatem,
1032 518 1089 582 ut>

53 605 171 684 postea
207 601 326 667 variari
361 602 511 685 voluptas
549 602 769 687 distinguique
804 604 921 688 possit,
958 604 1069 688 augeri

56 689 312 775 amplificarique
342 711 408 755 non
438 690 551 774 possit.
605 690 651 754 At
677 691 776 755 etiam
803 691 956 774 Athenis,
982 696 1020 755 ut
1050 713 1121 763 aaa

55 781 149 861 patre
183 777 356 842 audiebam
385 777 490 843 facete
522 781 555 842 et
586 778 710 843 urbane
745 777 870 845 Stoicos
907 779 1069 864 irridente,

56 868 167 930 statua
199 868 250 930 est
281 867 315 930 in
345 863 510 931 Ceramico
539 863 715 950 Chrysippi
750 866 889 932 sedentis
921 871 1070 951 porrecta

56 975 169 1037 manu,
197 974 281 1037 quae
303 975 419 1018 manus
443 954 604 1038 significet
626 955 718 1019 illum
741 955 776 1018 in
798 954 860 1020 hac
883 977 953 1020 esse
975 954 1068 1040 roga-

55 1041 202 1107 tiuncula
225 1040 429 1107 delectatum:
463 1041 714 1127 ‘Numquidnam
737 1064 852 1108 manus
874 1048 933 1109 tua
955 1046 1002 1109 sic
1025 1045 1069 1109 af-

40 1129 155 1211 nfecta,
182 1151 279 1213 quem
302 1129 343 1195 ad
366 1130 499 1196 modum
521 1131 638 1195 affecta
663 1151 750 1195 nunc
779 1134 842 1214 est,
871 1132 1068 1197 desiderat?'

56 1255 99 1264 -
120 1216 218 1282 Nihil
246 1239 332 1282 sane.
358 1255 396 1264 -
423 1217 493 1302 ‘At‚
520 1219 547 1282 si
574 1218 724 1302 voluptas
751 1224 838 1284 esset
860 1221 994 1305 bonum,
1019 1221 1070 1286 de·

57 1304 237 1370 sideraret?
261 1306 378 1370 —Ita
404 1306 509 1371 eredo.
531 1342 574 1353 -
598 1303 686 1371 ‘Non
712 1309 762 1371 est
787 1307 890 1391 igitur
918 1310 1069 1393 voluptas

56 1392 199 1460 bonurn?
258 1392 330 1458 Hoc
364 1415 406 1459 ne
443 1397 595 1459 statuam·
622 1394 750 1478 quidem
786 1395 945 1461 dicturam
976 1401 1070 1480 pater

58 1482 181 1566 aiebat,
210 1481 239 1546 si
265 1481 354 1565 loqui
380 1486 501 1567 posset.
551 1479 747 1548 Conclusum
770 1487 820 1548 est
850 1484 935 1548 enim
958 1489 1070 1551 contra

40 1568 254 1654 iCyrenaicos
282 1570 361 1635 satis
389 1573 495 1655 acute,
521 1570 605 1634 nihil
633 1569 673 1635 ad
695 1570 880 1654 Epicurum.
930 1569 1017 1636 Nam
1042 1576 1070 1637 si

57 1680 94 1721 ea
117 1658 190 1722 sola
212 1656 364 1740 voluptas
383 1662 481 1742 esset,
503 1680 585 1743 quae
609 1659 701 1743 quasi
722 1659 873 1723 titillaret
891 1680 1011 1738 sensus,
1034 1665 1071 1726 ut

56 1747 102 1809 ita
134 1745 254 1828 dicam,
284 1744 381 1810 etad
411 1767 467 1811 eos
494 1767 567 1811 cum
591 1747 751 1811 suavitate
774 1746 923 1811 afflueret
945 1751 978 1811 et
999 1748 1070 1813 illa-

57 1834 203 1916 beretur,
224 1854 284 1898 nec
302 1854 416 1898 manus
435 1855 504 1899 esse
523 1837 676 1899 contenta
698 1839 810 1918 posset
827 1857 887 1899 nec
905 1836 973 1899 ulla
992 1858 1069 1919 pars

57 1921 221 1987 vacuitate
245 1920 366 1987 doloris
394 1922 464 1987 sine
490 1921 628 1987 iucundo
656 1926 745 1987 motu
772 1923 961 2005 voluptatis.
1013 1923 1071 1990 sin

40 2014 167 2074 >autem
191 2031 319 2074 summa
345 2009 495 2094 voluptas
523 2013 585 2095 est,
612 2014 650 2075 ut
672 2010 811 2092 Epicuro
838 2012 958 2096 placet,
987 2013 1070 2077 nihil

59 2097 179 2175 dolere,
202 2098 343 2181 primum
366 2097 429 2162 tibi
450 2101 549 2183 recte,
580 2095 773 2183 Chrysippo,
802 2120 989 2164 concessum
1012 2104 1071 2185 est,

58 2185 141 2250 nihil
163 2185 346 2250 desiderare
364 2207 510 2269 manum,
533 2208 605 2251 cum
628 2187 675 2250 ita
699 2191 784 2251 esset
809 2187 937 2272 affecta,
960 2211 1070 2255 secun-

60 2274 135 2338 dum
155 2295 225 2339 non
246 2277 346 2358 recte,
370 2275 398 2338 si
420 2275 571 2358 voluptas
595 2277 681 2339 esset
703 2274 836 2354 bonum,
865 2275 965 2340 fuisse
989 2277 1070 2341 desi·

60 2362 254 2427 derahrram.
299 2361 422 2427 Idcirco
447 2363 533 2427 enim
555 2384 622 2428 non
644 2361 856 2446 desideraret,
879 2365 962 2448 quia,
985 2365 1070 2449 quod

40 2450 174 2516 adolore‘
194 2453 295 2531 caret,
317 2449 352 2514 id
374 2451 410 2515 in
432 2451 599 2534 voluptate
622 2454 680 2515 est.

123 2538 317 2603 Extremum
354 2541 464 2603 autem
500 2560 570 2605 esse
606 2539 766 2604 bonorum
797 2537 998 2623 voluptatem
1033 2561 1071 2604 ex
1083 2518 1125 2644 14}

60 2626 120 2692 hoc
145 2626 302 2691 facillime
332 2626 472 2710 perspici
500 2630 623 2710 potest:
658 2625 902 2692 Constituamus
930 2628 1071 2713 aliquem

60 2716 203 2801 magnis,
226 2714 353 2799 multis,
380 2717 543 2798 perpetuis
570 2715 731 2780 fruentem
761 2719 794 2780 et
816 2716 923 2780 animo
948 2719 980 2781 et
1002 2738 1071 2780 cor-

59 2825 138 2887 pore
171 2802 394 2887 voluptatibus
425 2804 516 2868 nullo
549 2803 661 2869 dolore
692 2825 752 2868 nec
788 2803 982 2888 impediente
1013 2827 1072 2870 nec

40 2891 285 2976 impendente,
312 2912 407 2975 quem
436 2892 566 2957 tandem
592 2890 655 2956 hoc
682 2895 769 2956 statu
793 2892 1071 2975 praestabiliorem

61 2984 116 3045 aut
138 2979 246 3065 magis
271 2979 485 3062 expetendum
505 2981 667 3064 possimus
690 2979 817 3044 dicere?
853 2979 962 3046 Inesse
986 2982 1071 3047 enim

60 3089 191 3134 necesse
214 3068 322 3132 estin
344 3089 395 3152 eo,
425 3070 479 3152 qui
506 3069 554 3133 ita
583 3069 627 3132 sit
653 3069 800 3151 affectus,
830 3072 864 3134 et
884 3070 1072 3135 firmitatem

62 3157 162 3222 animi
184 3176 245 3220 nec
266 3159 406 3221 mortem
432 3177 492 3222 neo
520 3156 664 3222 dolorem
689 3157 848 3242 timentis,
876 3158 961 3242 quod
984 3181 1070 3223 mors

63 3243 158 3311 censii
178 3247 301 3327 eareat,
325 3244 418 3332 dolor
435 3246 471 3309 in
488 3245 725 3330 longinquitate
742 3245 838 3330 levis,
858 3246 893 3309 in
911 3246 1071 3331 gravitate

40 3330 168 3399 ebrocis
201 3332 305 3398 soleat
338 3351 421 3417 esse,
452 3336 490 3397 ut
521 3335 589 3398 eius
621 3333 878 3419 magnitudinem
915 3334 1072 3416 celeritas,

64 3418 311 3487 diuturnitatem
340 3421 494 3487 allevatio
518 3423 709 3487 consoletur.
751 3420 804 3486 Ad
826 3442 864 3485 ea
887 3441 960 3485 oum
983 3441 1070 3485 acce·
1089 3439 1123 3490 41

65 3504 124 3595 dit,
149 3512 190 3576 ut
210 3530 314 3594 neque
337 3509 481 3575 divinum
502 3531 621 3576 numen
643 3509 776 3576 horreat
796 3515 856 3573 irec
878 3508 1070 3592 praeteritas
