2346 3876
109 159 174 222 194
271 159 319 212 DE
338 158 482 214 FINIBUS
501 158 680 214 BONORUM
698 159 745 212 ET
764 157 949 243 monum

106 321 147 384 iis
161 320 267 403 rebus,
285 341 365 402 quas
380 341 477 402 supra
495 320 571 402 dixi,
590 320 761 384 metienda.
787 318 875 384 Nam
888 342 1004 405 neque.
1029 370 1035 384 .
1057 370 1063 384 .
1081 367 1087 384 .

106 409 226 472 virtute
259 407 415 470 retinetur
446 407 481 471 in
512 408 593 490 vita,
625 429 684 472 nec
715 408 772 490 iis,
806 408 861 491 qui
894 408 963 472 sine
993 408 1087 472 virtute

107 499 194 578 sunt,
226 517 312 559 mors
346 498 395 559 est
428 495 617 578 oppetenda.
675 494 721 560 Et
757 516 853 579 saepe
891 495 1027 561 officium
1053 495 1088 558 est

106 583 261 668 sapientis
285 583 459 646 desciscere
483 605 503 646 a
525 583 607 665 vita,
629 604 701 647 cum
720 583 763 646 sit
785 582 1004 667 beatissimus,
1025 583 1050 647 si
1065 581 1089 645 id

106 675 263 755 oportuna
281 670 386 735 facere
404 671 518 753 possit.
551 669 604 735 Sic
620 670 706 735 enim
721 675 862 754 censent,
882 670 1114 755 oportunitates

106 781 176 824 esse
212 759 305 823 beate
341 758 461 841 vivere,
505 758 591 841 quod
627 762 678 822 est
715 759 942 824 convenienter
980 762 1091 823 naturae

105 848 222 913 vivere.
270 846 384 929 Itaque
412 867 432 909 a
460 846 620 929 sapientia
647 847 856 930 praecipitur,
887 869 922 911 se
944 847 1055 930 ipsam,
1071 845 1092 908 si

105 957 182 1000 usus
211 934 268 1017 sit,
296 935 423 1033 sapiens
451 938 488 997 ut
514 933 686 1016 relinquat
736 934 839 1021 Quam
871 935 913 1000 ob
942 957 1008 999 rem
1037 953 1092 998 cun

104 1024 259 1087 vitiorum
281 1021 347 1084 ista
369 1021 418 1084 vis
445 1042 512 1085 non
539 1021 603 1106 sit,
626 1025 663 1086 ιιι
686 1043 816 1087 causum
839 1023 977 1087 afferant
998 1020 1091 1087 mortis
1135 1058 1137 1063 ·

104 1112 218 1176 volunt
219 1109 342 1209 ariae,
360 1109 567 1191 perspicuum
609 1113 658 1175 est
694 1109 793 1174 etiam
831 1111 1015 1188 stultorum,
1050 1109 1091 1191 qui
1101 1100 1137 1181 ιιι

104 1198 201 1261 iidem
233 1196 344 1259 miseri
375 1197 454 1277 sint,
426 1196 630 1261 tofficium
658 1219 727 1262 esse
754 1219 884 1262 manere
911 1199 947 1262 in
973 1194 1092 1275 vitari
1134 1213 1137 1241 ³

91 1284 208 1349 sint'
199 1305 233 1347 m
259 1283 381 1347 maiore
414 1289 508 1366 parte
535 1305 643 1348 rerum
675 1306 798 1366 earum,
826 1307 906 1368 quas
940 1285 1092 1351 secundun

104 1377 255 1436 naturam
283 1392 353 1434 esse
381 1370 525 1437 dicimus.
571 1371 615 1435 Et
642 1373 793 1456 quoniam
818 1374 974 1439 excedens
1000 1395 1017 1437 e
1041 1372 1092 1436 rita

34 1456 41 1469 ’
105 1463 138 1523 et
160 1480 293 1523 manens
318 1479 417 1540 aeque
440 1459 620 1542 miserest,
647 1481 706 1524 nec
729 1460 927 1526 diuturnitas
957 1463 1071 1559 magis„
1070 1456 1091 1520 ei

104 1548 206 1612 vitam
237 1546 423 1630 fugiendam
454 1547 547 1628 facit,
582 1568 649 1611 non
682 1548 750 1611 sine
784 1569 882 1612 causa
915 1547 1061 1613 dicitur'
1054 1545 1090 1626 ris,

105 1637 160 1720 qui
190 1635 337 1718 pluribus
369 1656 412 1699 na
413 1597 572 1699 turalibirs
604 1635 669 1699 frui
701 1637 840 1719 possint,
874 1657 945 1701 esse
975 1637 1010 1700 in
1041 1633 1091 1699 viu

105 1724 308 1788 manendum.

170 1811 334 1874 Pertinere
362 1813 470 1874 autem
498 1809 538 1874 ad
565 1832 633 1875 rem
662 1811 937 1876 arbitrantur't
887 1833 922 1877 ιιι
923 1813 1032 1897 tellegi
1050 1829 1091 1874 na·

103 1904 178 1963 tura
208 1899 292 1980 fieri,
324 1901 361 1962 ιιι
391 1898 485 1961 liberi
518 1919 538 1961 a
569 1899 758 1980 parentibus
792 1904 956 1983 amentum
993 1923 1011 1964 a
1043 1915 1090 1981 quc

103 1988 165 2050 init
166 1987 197 2050 ιο
216 1985 395 2087 profectam
409 2006 612 2050 communem
629 1985 762 2087 humapi
777 1988 903 2071 generis
924 1989 1090 2054 societatem

103 2074 332 2156 persequimur.
387 2072 477 2148 Quod
514 2074 656 2156 primum
692 2074 839 2157 intellegi
876 2075 973 2140 debet
1007 2077 1090 2168 figurss

104 2161 318 2244 membrisque
337 2183 521 2244 corporum,
544 2183 625 2245 quae
649 2162 721 2245 ipsa
740 2162 905 2226 declarant
923 2155 1090 2247 procreandi

105 2271 124 2312 a
151 2252 267 2313 natura
293 2248 440 2312 habitam
470 2270 539 2312 esse
566 2249 734 2314 rationem.
784 2247 896 2333 Neque
927 2273 1003 2316 vero
1030 2250 1090 2344 hacc⁸

103 2337 189 2400 inter
216 2357 251 2400 se
284 2356 459 2420 congruere
490 2342 637 2420 possent,
669 2341 705 2401 ut
735 2342 852 2401 natura
885 2343 919 2403 et
950 2329 1089 2436 procreari

105 2424 263 2489 vellett
231 2427 263 2489 et
293 2424 384 2508 diligi
405 2430 590 2507 procreatos
613 2447 680 2489 non
702 2429 837 2490 curaret.
881 2426 990 2511 Atque
1013 2424 1115 2489 eriam·

103 2512 138 2576 in
160 2513 272 2578 bestiis
296 2512 344 2576 vis
367 2516 502 2576 naturae
522 2513 660 2596 perspici
682 2516 804 2596 potest3
828 2536 964 2597 quarum
986 2516 1020 2579 in
1038 2511 1090 2576 feu

104 2605 136 2664 et
176 2601 211 2664 in
248 2600 437 2664 educatione
473 2600 617 2664 laborem
654 2623 727 2665 cum
763 2602 940 2686 cernimus,
976 2605 1091 2678 naturae

101 2689 205 2771 ipsius
232 2710 346 2753 vocem
373 2687 518 2752 videmur
545 2688 677 2753 audire*
716 2689 821 2765 Quare
843 2695 880 2753 ιιι
906 2691 1092 2774 perspicuum

104 2779 153 2839 est
188 2782 306 2841 natura
335 2796 396 2839 nos
429 2798 449 2839 a
479 2775 590 2840 dolore
622 2776 812 2859 abhorrere,
844 2777 890 2842 sic
924 2779 1094 2862 apparete

102 2867 219 2927 natura
246 2865 331 2946 ipsa,
359 2867 396 2927 ut
419 2885 487 2947 eos,
514 2885 594 2948 quos
621 2865 840 2950 genuerimus,
868 2870 1028 2949 amemus,
1047 2862 1131 2927 im*-

49 2951 190 3034 capelli.
226 2950 276 3014 Ex
299 2950 360 3015 hoc
382 2952 538 3035 nascitur,
561 2957 598 3017 ut
620 2955 719 3018 etiam
740 2954 921 3017 communis
945 2953 1096 3018 hominum

102 3039 188 3102 inter
210 3038 356 3104 homines
379 3040 537 3104 naturalis
562 3041 606 3105 sit
627 3041 878 3124 commendatio,
900 3046 937 3107 ut
960 3040 1098 3125 oporteat

101 3126 265 3190 hominem
293 3127 334 3190 ab
366 3126 496 3203 homine
524 3128 565 3192 ob
597 3128 630 3192 id
664 3130 784 3212 ipsum,
816 3129 902 3212 quod
929 3129 1026 3196 homo
1055 3127 1099 3207 sit,

101 3236 167 3278 non
189 3214 329 3279 alienum
357 3213 467 3278 videri.
517 3214 563 3279 Ut
590 3218 674 3281 enim
704 3216 739 3280 in
766 3216 919 3280 membris
948 3217 1012 3281 alic
1034 3217 1100 3281 sunt

101 3306 267 3385 tamquam
299 3301 361 3365 sibi
392 3304 485 3382 nata,
517 3306 554 3366 ut
585 3304 681 3387 oculi,
713 3307 750 3368 ut
782 3325 889 3387 aures,
917 3305 983 3369 alia
1011 3301 1137 3368 esame

19 3451 23 3459 .
101 3396 280 3454 ceterorum
306 3387 523 3452 membrorum
551 3413 645 3455 usum
674 3391 841 3474 adiuvant,
869 3395 905 3456 ut
933 3414 1040 3476 crura,
1070 3393 1103 3455 ιιι

93 3499 227 3560 monus,
271 3476 318 3540 sic
353 3475 511 3541 immanes
548 3479 704 3564 quaedam
741 3478 862 3543 bestiae
900 3480 964 3544 sibi
1006 3444 1104 3546 sillum

53 1782 93 1844 19

51 1859 85 1907 aa
