2356 3870
103 157 169 223 402
300 156 597 214 TUSCULANARUM
615 155 917 214 DISPUTATIONUM

103 340 184 384 esse.
223 319 331 402 Atque
354 320 447 384 utin
470 319 564 384 malis
588 319 724 403 attingit
745 318 844 384 animi
865 321 1022 383 naturam
1045 339 1110 384 cor·

103 407 191 493 poris
215 407 407 490 similitudo,
429 407 476 471 sic
498 408 533 471 in
556 408 659 472 bonis.
704 405 786 472 Sunt
810 406 895 471 enim
921 407 957 470 in
979 426 1109 490 corpore

102 495 288 580 praecipua,
315 494 480 578 valetudo,
507 495 607 578 vires,
633 494 853 578 pulchritudo,
879 495 1033 577 firmitas,
1061 515 1108 558 ve·

104 583 232 662 locitas,
260 586 335 648 sunt
360 583 439 647 item
468 583 503 646 in
525 582 643 648 enimc.
693 582 734 649 Ut
756 584 842 647 enim
865 581 1012 666 corporis
1034 585 1108 646 tem·

103 671 244 754 peratio,
274 693 346 735 cum
373 691 412 735 ea
439 674 623 755 congruunt
648 670 735 735 inter
765 692 815 753 se,
845 691 864 734 e
891 670 1011 753 quibus
1042 691 1129 735 con-s

105 762 243 841 stamus,
266 759 429 841 sanitas,
452 758 498 823 sic
521 758 621 822 animi
648 758 778 841 dicitur,
805 779 879 823 cum
902 757 973 822 eius
996 757 1108 822 iudicia

104 846 335 931 opinionesque
354 845 558 928 concordant,
577 866 677 930 eaque
695 844 795 910 animi
813 849 864 910 est
880 845 998 928 virtus,
1016 867 1108 930 quam

104 935 161 998 alii
179 935 284 1018 ipsam
302 933 552 1016 temperantiam
570 932 681 998 dicunt
701 955 784 1016 esse,
808 933 865 998 alii
888 933 1108 1016 obtemperan-

103 1026 169 1086 tem
201 1020 435 1104 temperantiae
465 1021 663 1105 praeceptis,
695 1025 729 1086 et
759 1043 830 1086 eam
863 1022 1107 1105 subsequentem

102 1130 162 1174 nec
178 1109 353 1174 habentem
370 1109 471 1172 ullam
489 1109 629 1192 speciem
647 1130 753 1191 suam,
777 1108 846 1191 sed,
869 1109 939 1173 sive
959 1108 1024 1173 hoc
1046 1109 1107 1173 sire
1119 1130 1138 1171 u

103 1196 183 1260 illud
210 1197 266 1279 sit,
292 1197 326 1260 in
348 1196 417 1261 solo
441 1217 510 1260 esse
534 1197 686 1280 sapiente.
730 1196 793 1261 Est
820 1200 930 1261 autem
953 1196 1107 1281 quaedam

104 1283 204 1348 animi
227 1283 363 1366 sanitas,
393 1305 474 1368 quae
496 1284 531 1348 in
553 1284 758 1368 insipientem
781 1284 879 1347 etiam
902 1283 1013 1367 cadat,
1041 1305 1107 1348 cum

49 1392 84 1442 31
104 1372 268 1436 curatione
291 1371 486 1437 medicorum
509 1372 715 1437 conturbatio
735 1371 854 1436 mentis
877 1371 1035 1436 aufertur.
1068 1370 1109 1436 llt

103 1463 140 1524 ut
158 1458 301 1542 corporis
321 1464 370 1523 est
391 1458 547 1542 quaedam
570 1462 648 1543 apta
669 1459 775 1544 figura
796 1458 1019 1524 membrorum
1042 1479 1108 1524 cum

104 1547 221 1612 coloris
250 1547 387 1648 quadam
415 1547 559 1612 suavitat
559 1568 589 1629 e,
618 1568 717 1631 eaque
745 1546 824 1611 dicit
810 1550 864 1611 tur
894 1547 1140 1629 pulchritudo,1s

104 1636 150 1701 sic
172 1636 206 1699 in
229 1635 338 1699 animo
359 1635 548 1717 opinionum
569 1635 822 1718 iudiciorumque
840 1634 1058 1717 aequabilitas
1079 1638 1108 1698 ct

103 1723 286 1788 constantia
304 1743 378 1787 cum
395 1722 496 1787 firmil
498 1725 550 1787 ate
564 1722 702 1823 quadam
716 1725 750 1786 et
764 1721 888 1786 stabilit
874 1725 944 1786 tate
957 1723 1107 1788 virtutem

104 1811 301 1894 subsequens
320 1815 376 1874 aut
362 1809 523 1874 tvirtutis
541 1810 609 1874 vim
626 1809 733 1892 ipsam
752 1809 921 1875 continens
940 1809 1108 1893 pulchri·

102 1898 194 1963 tudo
216 1901 358 1963 vocatur.
410 1897 555 1981 Itemque
577 1897 699 1961 viribus
723 1897 867 1980 corporis
891 1899 927 1961 et
946 1898 1057 1977 nervis
1078 1900 1108 1962 et

104 1984 288 2050 efficacitati
302 1985 423 2050 similes
437 1984 599 2049 similibus
613 2005 740 2069 quoque
753 1984 860 2049 verbis
874 1985 996 2050 animi
1009 1986 1138 2050 virosa

101 2073 321 2138 nominantur.
383 2071 551 2137 Velocitas
592 2076 701 2137 autem
738 2072 883 2154 corporis
925 2074 1107 2138 celeritas

104 2160 300 2244 appellatur,
327 2179 409 2243 quae
441 2159 553 2224 eadem
585 2159 709 2243 ingenii
740 2159 840 2224 etiam
870 2159 944 2225 laus
974 2161 1106 2227 habetur

103 2250 237 2330 propter
263 2246 364 2311 animi
394 2247 571 2311 multarum
602 2268 710 2311 rerum
741 2247 831 2311 brevi
861 2249 1013 2331 tempore
1043 2268 1106 2334 per·

52 2339 94 2404 14
105 2335 294 2401 cursionem.
349 2334 437 2398 Illud
469 2336 650 2400 animorum
681 2355 915 2420 corporumque
946 2336 1105 2417 dissimile,

103 2423 188 2508 quod
220 2423 320 2487 animi
355 2422 497 2487 valentes
530 2423 642 2488 morbo
675 2423 829 2506 temptari
866 2444 934 2488 non
965 2426 1134 2508 possuntu

104 2532 237 2595 corpora
260 2513 408 2594 possunt3
432 2509 487 2574 sed
511 2531 681 2595 corpomm
704 2510 897 2575 offensiones
922 2511 995 2576 sine
1018 2512 1104 2595 culpa

103 2598 245 2664 accidere
267 2601 417 2682 possunt,
439 2597 621 2662 animorum
638 2619 706 2663 non
724 2598 816 2681 item,
838 2618 978 2683 quorum
1003 2617 1103 2665 omnes

103 2687 209 2751 morbi
232 2688 266 2750 et
286 2685 545 2771 perturbationes
568 2706 607 2750 ex
630 2685 855 2769 aspernatione
878 2686 1019 2752 rationis
1041 2705 1103 2753 ere·

102 2774 212 2856 niunt;
230 2773 339 2857 itaque
354 2773 388 2837 in
401 2772 591 2838 hominibus
601 2773 705 2837 solum
720 2774 874 2855 existunt3
891 2794 971 2838 nam
989 2774 1102 2840 bestiae

104 2861 209 2925 simile
232 2860 383 2945 quiddam
405 2859 541 2943 faciunt,
564 2861 619 2925 sed
641 2861 676 2925 in
695 2860 956 2945 perturbationes
974 2883 1042 2928 non
1062 2861 1131 2927 ins

50 2948 224 3021 accidunt.
274 2947 364 3012 Inter
386 2951 497 3013 acutos
518 2950 627 3013 autem
648 2951 682 3012 et
703 2948 788 3012 inter
809 2947 944 3013 hebetes
966 2949 1103 3030 interest,

104 3036 189 3121 quod
215 3035 390 3119 ingeniosi,
417 3038 453 3099 ut
476 3057 529 3101 aes
552 3033 755 3101 Corinthium
777 3036 813 3100 in
835 3036 1038 3121 aeruginem,
1063 3035 1103 3101 sic

103 3125 151 3189 illi
172 3125 207 3189 in
225 3122 376 3188 morbum
394 3126 427 3187 et
449 3123 597 3188 incidunt
613 3123 736 3189 tardius
756 3126 789 3188 et
807 3127 996 3189 recreantur
1014 3124 1103 3203 ocius,

102 3213 234 3278 hebetes
261 3231 328 3278 nou
354 3211 441 3276 item.
490 3210 558 3275 Nec
585 3232 662 3276 vero
689 3211 724 3275 in
747 3232 875 3276 omnem
899 3212 1052 3278 morbum
1071 3229 1103 3274 ac

104 3300 381 3387 perturbationem
411 3298 536 3363 animus
563 3298 725 3384 ingeniosi
752 3298 851 3382 cadit3
881 3299 904 3380 †
931 3320 999 3365 non
1026 3299 1132 3364 enimc

103 3390 206 3455 multa
233 3387 374 3455 ecferata
401 3389 434 3452 et
459 3385 616 3471 inmania;
643 3386 800 3471 quaedam
827 3390 938 3452 autem
962 3385 1102 3452 humani·

103 3478 182 3544 tatis
201 3498 325 3564 quoque
350 3475 471 3541 habent
491 3474 630 3559 primam
649 3475 802 3560 speciem,
825 3478 863 3539 ut
879 3473 1102 3556 misericordia,
