2346 3876
307 160 373 221 ms.
391 166 427 222 11.
462 166 538 222 cnr.
558 174 602 237 ur,
620 173 662 222 ss.
696 173 843 234 sss-sc.
1057 170 1102 234 55

90 331 247 395 essetab
269 350 320 413 eo,
347 329 433 414 quod
456 332 513 414 esi,
535 335 573 395 ul
596 329 737 395 eiusdem
761 332 848 396 modi
871 333 913 397 sb
935 353 987 415 eo,
1015 333 1100 416 quod

89 434 159 483 nun
186 420 251 500 esi,
282 420 395 502 pessel
414 430 492 484 esse.
536 417 637 483 llecie
665 420 1027 507 consensit.Arcesilas;
1060 421 1101 486 ad

89 504 313 571 definitionem
327 496 484 571 additum:
506 507 708 591 nequeenim
726 507 845 572 falsum
862 509 985 592 percipi
1006 530 1100 592 posse

89 612 196 678 neque
219 610 345 677 rerum,
376 594 405 659 si
427 597 513 659 esssl
533 595 612 677 lale,
642 595 737 680 quale
760 595 814 660 rel
834 594 962 661 falsum.
1007 595 1099 661 Iucu-

62 681 164 746 sbuil
190 685 302 746 aulem
328 683 363 747 in
390 703 445 747 eas
477 683 726 767 disputaiiones,
757 687 794 748 nl
820 684 948 749 docerei
975 684 1099 750 nullum

90 770 159 835 lule
181 784 252 835 esse
273 770 380 836 risum
403 792 423 835 a
445 789 535 855 vero,
561 773 601 849 ui
625 788 691 836 non
718 771 861 836 eiusdem
887 772 975 836 modi
1002 773 1100 837 eiiam

90 856 220 925 sielso
251 862 468 943 possessae.
516 858 608 924 Haec
638 863 690 924 esi
720 880 786 924 una
812 860 991 944 contentio,
1018 871 1154 946 quaese

77 945 199 1013 adhuc
220 947 441 1031 permanseris.
485 945 572 1012 Nam
594 947 685 1031 illud,
713 947 796 1011 nulli
818 949 865 1013 rei
888 947 1099 1014 adsensurum

90 1054 162 1100 esee
185 1034 378 1120 sapieniam,
407 1034 490 1099 nihil
514 1035 662 1100 adhunc
685 1037 937 1101 controversiam
960 1037 1099 1120 periine-

53 1123 157 1188 rcbsl.
204 1120 340 1188 Liosbs's
361 1123 448 1188 enim
469 1122 553 1188 nihil
583 1124 748 1207 percipere
772 1127 804 1188 el
830 1127 941 1189 lamen
964 1126 1099 1209 opinari,

88 1211 179 1296 quud
208 1231 229 1276 a
256 1207 421 1276 Carneade
452 1210 570 1276 dicitur
600 1212 788 1296 probatum3
823 1213 969 1298 equidem
999 1211 1098 1278 olito-

88 1298 209 1364 macho
229 1299 306 1384 plus
326 1320 423 1384 quom
445 1298 575 1365 Philoni
597 1302 655 1364 aul
676 1298 860 1367 Meliodoro
884 1302 1014 1367 credens
1037 1302 1099 1366 hoo

88 1386 880 1559 {iinlisisinlisisdiiidssllil
894 1387 1099 1561 ditiis

54 1587 77 1628 ιε
89 1563 224 1629 subluis
240 1563 396 1648 sequitur,
418 1562 563 1628 omnium
587 1563 814 1629 adsensionum
832 1565 980 1647 retentio,
1002 1567 1047 1647 ul,
1071 1565 1099 1628 ri

90 1651 265 1718 ostendero
285 1650 369 1716 nihil
396 1670 493 1736 posse
519 1652 656 1736 percipi,
686 1654 722 1716 lu
746 1651 902 1718 concedas
924 1673 1099 1735 numquam

89 1741 304 1806 adsensurum
326 1752 405 1804 esse.

155 1827 243 1906 Quid
275 1846 353 1913 ergo
385 1831 447 1912 esi,
480 1828 566 1913 quod
595 1828 719 1912 percipi
750 1829 866 1912 possid,
899 1829 927 1893 si
958 1850 999 1894 ne
1029 1849 1098 1893 sen·
1109 1790 1152 1929 23

89 1939 145 1982 sus
177 1915 307 2001 quidem
335 1932 412 1981 vera
437 1917 611 1980 nuntians?
644 1936 724 2001 quos
753 1919 803 1995 lu,
835 1915 982 2000 Luculle,
1013 1939 1099 1982 com·

56 2006 181 2070 amuni
214 2005 289 2070 loco
320 1992 477 2087 delendis,
510 2003 595 2088 quod
616 2025 658 2069 ne
686 2005 734 2068 ila
764 2004 869 2069 iacere
896 2026 1021 2090 posses,
1053 2004 1098 2068 id-

90 2095 174 2159 circo
193 2092 266 2158 heri
283 2114 350 2158 non
362 2093 545 2172 necessario
563 2093 636 2157 loco
650 2095 763 2156 contra
781 2114 892 2157 sensus
910 2094 979 2158 lam
996 2093 1099 2158 mulia

89 2182 244 2247 dixeram
292 2176 342 2246 'ln
372 2183 480 2246 aulem
511 2184 544 2245 le
576 2200 677 2265 negas
709 2180 844 2258 infracto
876 2203 964 2247 remo
994 2202 1098 2265 neque

88 2270 261 2336 columbae
279 2269 363 2335 sollo
386 2269 591 2334 commoveri.
626 2267 770 2333 Primum
795 2269 873 2334 cur?
906 2290 983 2334 nam
1010 2271 1043 2333 et
1065 2268 1100 2332 in

88 2380 178 2425 remo
193 2358 301 2424 sensio
323 2367 391 2423 non
404 2376 473 2422 esse
495 2356 539 2439 id,
562 2355 647 2440 quod
669 2356 824 2442 videatur,
847 2359 880 2422 ei
901 2357 936 2421 in
951 2356 1099 2422 columba

56 2447 192 2532 spluris
229 2445 332 2512 rideri
372 2446 496 2512 colores
532 2464 592 2509 neo
624 2464 693 2509 esse
729 2444 803 2529 plus
847 2465 920 2510 uno.
974 2443 1097 2509 Deinde

87 2535 214 2602 nihilne
231 2537 398 2619 praeterea
415 2531 577 2597 diximus?
611 2524 766 2597 Maneanl
787 2532 847 2597 illa
865 2533 985 2614 omnia3
1008 2531 1098 2595 labo-

10 2632 14 2697 ἰ
88 2627 142 2689 rai
163 2624 230 2689 isla
252 2642 358 2688 eausa.
403 2619 544 2686 Verases
568 2640 665 2684 sanos
688 2641 758 2685 esse
782 2640 893 2684 sensus
917 2619 1008 2702 dicis3
1038 2617 1098 2703 igi·

10 2700 16 2777 ?
88 2716 141 2777 lur
159 2730 291 2794 semper
306 2713 471 2775 ductorem
493 2708 594 2772 hebes
614 2727 695 2793 eum,
718 2708 774 2792 qui
797 2727 916 2792 magno
936 2727 993 2772 suo
1014 2706 1098 2789 peri-

10 2786 13 2857 Ϊ
88 2800 161 2866 culo
185 2812 317 2864 causam
340 2801 432 2884 agat3
456 2817 494 2862 co
517 2796 602 2860 enim
624 2816 692 2860 rem
715 2796 856 2860 demittit
877 2794 1046 2878 Epicurus,
1070 2795 1097 2859 si

56 2904 173 2954 annus
196 2900 310 2952 sensus
329 2885 428 2950 semel
450 2885 485 2948 in
501 2884 567 2948 vile
585 2883 741 2959 mentitus
765 2884 816 2963 sil,
838 2882 921 2947 nulli
944 2904 1097 2968 umquam

89 2996 158 3041 esso
182 2974 383 3041 credendum.
428 2972 500 3038 Hoc
527 2974 578 3036 esi
599 2992 710 3036 verum
734 2991 816 3054 esse,
849 2970 1005 3035 confidere
1030 2971 1095 3036 suis
1115 2989 1151 3039 so

88 3064 232 3130 icsiibus
262 3062 296 3127 sl
325 3062 517 3145 'sinporlala
550 3059 711 3123 insistere!
764 3057 876 3143 licque
904 3058 1095 3143 Timagoras

89 3151 269 3237 Epicureus·
291 3153 390 3236 negsl
412 3148 476 3214 sibi
498 3167 664 3231 umquam,
694 3167 766 3211 cum
789 3147 917 3211 oculum
940 3147 1096 3229 dorsisset,

91 3239 169 3306 duas
194 3258 234 3306 ex
255 3239 388 3304 lucerna
410 3235 592 3302 flammulas
616 3254 686 3299 esse
704 3234 805 3317 vises3
829 3234 990 3318 opinionis
1010 3233 1095 3296 enim

58 3342 160 3393 nesse
180 3326 390 3410 mendacium,
408 3347 474 3390 non
488 3324 663 3389 oculorum.
698 3320 798 3397 Quasi
817 3323 999 3405 quaeratur,
1019 3318 1095 3402 quid

16 3472 20 3491 ,
92 3415 143 3499 sii,
164 3432 242 3499 non,
274 3414 349 3498 quid
373 3413 544 3478 rideatur..
574 3408 623 3475 Sir
649 3409 703 3473 liic
725 3409 853 3492 quidem
875 3406 1033 3470 rusiorum
1056 3407 1096 3470 si·

18 3508 23 3555 ἲ
92 3503 191 3588 milis;
212 3506 250 3567 tu
272 3515 357 3582 vero,
381 3501 435 3584 qai
459 3499 527 3565 uss
549 3497 702 3568 sensibus
724 3497 792 3565 alia
812 3506 893 3564 uera
913 3491 1006 3560 dieas
1026 3500 1117 3575 esse,
