2346 3876
109 155 174 219 252
272 156 320 210 ΒΕ
338 154 483 211 FINIBUS
501 154 681 218 BONORUM
698 154 746 208 ΕΤ
765 153 950 208 MALORUM

110 339 269 381 summum
292 317 413 384 bonum
436 318 626 400 incorpore
654 319 717 400 est,
743 320 868 380 utnon
897 315 1015 380 inscite
1039 316 1121 380 illud

109 404 231 469 dictum
261 405 408 469 videatur
438 406 473 469 in
505 426 575 488 sue,
607 405 750 469 animum
781 404 831 467 illi
861 403 980 486 pecudi
1007 404 1120 468 datum

58 498 99 559 14
109 514 168 576 pro
192 493 272 576 sale,
295 514 335 558 ne
353 493 536 577 putisceret.
574 491 656 557 Sunt
674 495 782 556 autem
801 491 926 556 bestiae
950 492 1120 575 quaedam,

109 580 143 644 in
166 580 282 664 quibus
305 581 391 644 inest
413 580 537 665 aliquid
556 580 661 644 simile
678 579 823 662 virtutis,
845 583 883 643 ut
902 579 938 643 in
960 579 1120 662 leonibus,

108 671 146 733 ut
176 669 211 732 in
241 669 389 751 canibus,
420 668 454 732 in
487 667 590 751 equis,
626 668 660 731 in
696 667 812 751 quibus
843 687 911 732 non
944 689 1143 750 corporum⁵

109 756 227 839 solum,
250 756 344 820 utin
367 755 492 839 suibus,
522 754 578 819 sed
605 755 704 820 etiam
731 755 912 819 animorum
940 755 1054 838 aliqua
1083 777 1121 818 ex

110 847 203 927 parte
234 846 342 909 motus
376 843 533 926 quosdam
567 842 719 933 videmus.
776 841 816 906 In
846 842 978 908 homine
1012 847 1120 907 autem

111 953 237 996 summa
260 931 364 995 omnis
389 931 489 995 animi
512 933 562 995 est
584 933 617 994 et
638 931 671 994 in
690 933 799 995 animo
818 930 973 1015 rationis,
995 953 1121 1014 exque

111 1020 213 1083 virtus
245 1024 308 1103 est,
340 1040 421 1103 quae
452 1018 587 1084 rationis
625 1019 787 1083 absolutio
823 1017 989 1102 definitur,
1022 1040 1120 1102 quam

112 1107 210 1170 etiam
233 1109 328 1190 atque
352 1106 695 1190 etiam'explicandam
717 1109 842 1189 putant.
1133 1135 1156 1170 ω

57 1208 90 1256 39
176 1193 299 1258 Earum
327 1195 425 1259 etiam
452 1215 572 1277 rerum,
599 1215 678 1278 quas
708 1198 795 1258 terra
823 1193 943 1278 gignit,
971 1193 1119 1259 educatio

110 1281 267 1364 quaedam
291 1287 324 1346 et
345 1282 500 1365 perfectio
529 1285 579 1346 est
605 1303 671 1346 non
698 1281 865 1346 dissimilis
897 1281 1120 1346 animantium.

109 1369 223 1451 Itaque
246 1372 279 1433 et
297 1367 427 1434 ‘vivere'
446 1370 546 1435 vitem
565 1373 598 1433 et
620 1368 726 1434 ‘mori'
748 1369 884 1433 dicimus
908 1369 1120 1453 arboremque

111 1460 144 1522 et
171 1456 357 1522 ‘novellam'
385 1461 419 1522 et
445 1456 610 1523 ‘vetulam'
638 1461 671 1522 et
698 1455 829 1540 ‘vigere'
860 1459 894 1520 et
921 1456 1120 1523 ‘senescere'.

110 1545 161 1610 Ex
183 1567 248 1629 quo
269 1567 334 1610 non
357 1549 406 1610 est
428 1546 580 1629 alienum,
604 1549 642 1610 ut
664 1545 897 1626 animantibus,
924 1544 973 1609 sic
997 1544 1066 1609 illis
1088 1547 1121 1608 et
1134 1570 1156 1609 1⁵

111 1638 189 1718 apta
212 1633 367 1716 quaedam
387 1632 427 1696 ad
444 1638 595 1698 naturam
616 1637 732 1716 putare
753 1637 786 1696 et
805 1633 924 1716 aliena,
947 1653 1120 1716 earumque

111 1721 328 1805 augendarum
360 1724 393 1784 et
424 1721 609 1786 alendarum
643 1721 803 1805 quandam
839 1720 1010 1785 cultricem
1042 1741 1121 1804 esse,

111 1831 192 1893 quae
216 1809 259 1873 sit
283 1809 418 1874 scientia
441 1811 536 1891 atque
556 1831 608 1872 ars
627 1809 857 1893 agricolarum,
879 1830 961 1892 quae
984 1809 1121 1874 circum·

112 1897 535 1980 cidat,an1putet,erigat,
559 1896 707 1979 extollat,
731 1895 953 1979 adminiculet,
978 1901 1030 1980 ut,
1058 1918 1121 1980 quo

110 1989 229 2049 natura
250 1984 348 2068 ferat,
371 2006 408 2049 eo
431 1985 559 2068 possint
581 1984 641 2068 ire,
663 1986 701 2048 ut
727 1984 817 2067 ipsae
846 1985 944 2068 vites,
972 1985 1002 2048 si
1031 1984 1121 2067 loqui
1133 2010 1157 2049 a

112 2072 252 2156 possint,
280 2073 326 2135 ita
350 2093 383 2136 se
411 2072 597 2136 tractandas
623 2071 820 2156 tuendasque
848 2092 917 2135 esse
946 2072 1121 2137 fateantur.

111 2158 156 2224 Et
177 2159 428 2243 nuncquidem,
450 2160 625 2243 quodcum
647 2161 770 2242 tuetur,
792 2163 830 2232 ut
851 2159 890 2224 de
908 2159 973 2223 vite
992 2159 1122 2244 potissi·

112 2268 200 2311 mum
222 2247 350 2330 loquar,
374 2247 479 2312 estid
503 2247 712 2329 extrinsecae,
742 2247 775 2311 in
798 2247 872 2331 ipsa
895 2247 981 2311 enim
1005 2269 1122 2332 parum

112 2355 231 2418 magna
257 2335 305 2399 vis
332 2335 432 2417 inest,
459 2339 496 2399 ut
523 2357 620 2420 quam
648 2335 769 2419 optime
797 2357 832 2400 se
857 2333 976 2399 habere
1005 2336 1122 2419 possit,

59 2443 93 2492 40
113 2423 141 2487 si
172 2422 263 2486 nulla
294 2422 420 2491 cultura
453 2423 651 2489 adhibeatur.
705 2422 752 2486 At
783 2444 858 2488 vero
890 2423 918 2486 si
947 2422 988 2487 ad
1021 2423 1122 2488 vitem
1134 2448 1158 2488 25

112 2531 225 2576 sensus
255 2511 440 2594 accesserit,
469 2514 507 2573 ut
539 2511 716 2594 appetitum
747 2510 906 2595 quendam
934 2510 1059 2577 habeat
1089 2515 1122 2576 et

97 2620 169 2682 ⁴per
197 2620 231 2662 se
260 2598 332 2681 ipsa
360 2603 542 2681 moveatur,
570 2598 646 2681 quid
674 2597 833 2663 facturam
859 2598 981 2681 putas?
1008 2621 1051 2664 an
1075 2621 1122 2682 ea,

113 2707 194 2768 quae
217 2707 274 2768 per
296 2685 468 2750 vinitorem
491 2688 587 2750 antea
609 2687 879 2770 consequebatur,
901 2707 1019 2769 perse
1050 2687 1123 2770 ipsa

113 2773 260 2837 curabit?
297 2771 359 2836 Sed
378 2773 507 2837 videsne
527 2795 726 2839 accessuram
745 2774 775 2838 ei
801 2795 923 2856 curam,
946 2777 983 2837 ut
1007 2795 1122 2838 sensus

113 2881 352 3011 tricatus
371 2864 914 3013 {recalcitrastis
938 2864 1159 3033 bitti?

113 3055 239 3115 semper
270 3033 399 3117 habuit,
431 3036 544 3119 iunget
576 3058 627 3120 ea,
658 3058 740 3121 quae
770 3040 886 3120 postea
916 3037 1124 3119 accesserint,

112 3142 170 3185 nec
194 3122 330 3185 eundem
348 3122 445 3186 finem
467 3122 615 3208 habebit,
637 3146 732 3208 quem
751 3123 855 3188 cultor
877 3124 946 3187 eius
968 3123 1123 3199 habebat,

113 3209 169 3274 sed
201 3210 289 3274 volet
320 3210 493 3274 secundum
525 3232 595 3274 eam
627 3215 791 3295 naturam,
828 3232 909 3294 quae
940 3215 1057 3294 postea
1093 3211 1122 3276 ei

112 3297 265 3362 adiuncta
292 3297 366 3380 erit,
393 3297 509 3362 vivere.
558 3297 611 3363 Ita
644 3300 761 3363 similis
788 3299 851 3363 erit
873 3299 902 3362 ei
929 3298 1005 3363 finis
1037 3298 1158 3382 bonius

113 3387 209 3468 atque
232 3387 328 3451 antea
350 3384 468 3470 fuerat,
491 3407 592 3469 neque
611 3387 697 3452 idem
714 3391 837 3471 tamcn3
860 3387 1034 3451 nonenim
1056 3387 1123 3450 iam

104 3473 222 3558 stirpis
250 3473 372 3539 bonum
401 3478 546 3561 quaeret,
574 3474 629 3538 sed
657 3474 815 3540 animalis.
868 3472 966 3557 Quid,
994 3474 1024 3539 si
1054 3495 1122 3539 non
