2346 3876
292 170 361 226 tm.
380 170 401 224 Ι.
429 169 507 225 car.
526 175 648 226 au-sr.
678 176 833 237 sss-oo.
1007 169 1075 235 313

60 332 127 398 hoe
155 331 334 416 significat:
367 352 460 417 egere
491 354 543 415 co,
575 333 660 416 quod
692 333 811 397 habere
842 335 933 398 velis.
983 333 1075 399 Inest

63 421 150 485 enim
167 419 258 484 relle-
275 421 310 484 in
333 420 485 502 carendo,
506 420 572 484 nisi
590 443 663 484 cum
681 421 728 485 sic
750 425 917 506 tamquam
935 422 971 485 in
988 422 1073 488 febri

63 509 183 573 <licitum
204 509 270 573 alia
292 508 430 592 quadam
452 508 584 574 notione
607 509 706 573 verbi.
748 507 876 573 Dicitur
898 510 983 573 enim
1007 511 1075 576 alio

64 597 159 662 modo
188 596 288 660 etiam
314 616 435 679 carere,
462 617 535 661 cum
562 596 688 679 aliquid¹
711 617 778 660 non
804 595 926 661 habeas
952 601 985 662 et
1006 620 1074 663 non

45 683 186 750 shsbere
203 687 237 748 te
256 683 393 767 sentias,
408 683 537 748 etiamsi
555 684 589 748 id
606 683 703 748 facile
722 684 855 768 patiare.
891 685 946 749 Ita
964 707 1077 750 carere

62 772 95 837 in
117 774 226 836 morte
248 793 315 837 non
337 772 469 855 dicitur,
492 793 552 837 nec
575 773 661 836 enim
680 776 767 836 esset
786 772 972 856 dolendum3
996 772 1076 838 dici·

62 864 114 925 tnr
132 859 229 924 illud:
252 860 337 925 hono
356 881 477 938 carere,
500 860 595 943 quod,
605 864 655 925 est
672 861 803 925 malum.
843 859 963 926 sedne
981 862 1073 927 vivus

62 946 203 1032 quidem·
226 948 311 1012 bono
344 951 446 1031 caret,
473 948 501 1012 si
529 970 567 1013 eo
595 970 661 1013 non
687 948 822 1032 indiget3
852 949 909 1013 sed·
936 949 972 1016 in
997 951 1073 1016 vivo

61 1035 211 1120 intellegi
232 1039 342 1099 tamen
359 1039 469 1118 potest
486 1057 586 1121 regno
605 1041 638 1101 te
657 1058 765 1101 carere
784 1033 863 1121 (dici
882 1040 990 1103 autem
1011 1038 1073 1103 hoc

27 1124 97 1188 uin
117 1127 152 1188 te
177 1123 258 1187 satis
282 1123 446 1189 subtiliter
466 1144 533 1188 non
555 1128 677 1207 potest,
700 1128 811 1207 posset
832 1125 866 1190 in
887 1124 1073 1210 Tarquinio,

61 1233 136 1277 curn
158 1231 262 1295 regno
285 1214 371 1276 essct
393 1211 571 1297 expulsus),
595 1215 630 1276 at
652 1213 689 1277 in
710 1215 901 1278 mortuone
925 1214 1074 1298 intellegi

61 1299 203 1384 quidem.
253 1296 369 1364 Carere
398 1299 483 1364 enirn
511 1300 679 1365 sentientis
711 1304 772 1381 est,
805 1323 863 1365 nec
898 1324 1011 1367 sensus
1039 1303 1074 1366 in

61 1391 206 1468 mortuo3
228 1409 399 1452 necarere
423 1388 552 1471 quidem
574 1389 674 1473 igitur
696 1389 730 1453 in
754 1393 881 1453 mortuo
904 1394 963 1455 est.
1083 1437 1128 1502 3,

129 1474 335 1558 Quemquam
372 1476 449 1559 quid
486 1498 565 1559 opus
598 1480 649 1540 est
679 1476 713 1539 in
744 1476 805 1540 hoc
842 1474 1073 1560 philosophari,
1092 1517 1130 1565 39

22 1580 48 1624 u
61 1585 136 1628 cum
159 1585 229 1628 rem
246 1585 312 1628 non
330 1584 528 1648 magnopere
545 1563 753 1646 philosophia
771 1583 866 1647 egere
884 1563 1073 1630 videamus?

61 1651 220 1727 Quotiens
237 1672 304 1717 non
321 1651 418 1716 modo
437 1652 584 1716 ductores
602 1652 720 1734 nostri,
743 1651 798 1714 sed
816 1651 957 1715 universi
975 1654 1075 1716 etiam

61 1739 223 1804 exercitus
246 1739 287 1803 ad
309 1760 376 1803 non
399 1738 529 1803 dubiam
547 1742 685 1804 mortem
706 1740 947 1803 concurrerimt!
984 1739 1074 1815 Quae

61 1827 194 1911 qnidam
212 1826 242 1890 si
262 1827 444 1911 timeretur,
467 1849 532 1892 non
549 1826 586 1891 L.
604 1825 725 1891 Brutus
745 1848 855 1891 arcens
875 1849 948 1891 eum
969 1829 1074 1892 reditu

61 1919 251 1999 tyrannum,
273 1935 368 1998 quem
386 1915 457 1998 ipse
476 1914 654 1998 expulerat,
677 1916 712 1979 in
728 1914 852 1998 proelio
871 1915 1074 1998 concidisset,

22 2021 131 2070 upon
146 2024 221 2067 oum
238 2000 363 2066 Latinis
382 2003 549 2068 decertans
568 2006 660 2086 pater
678 2003 809 2085 Decius,
834 2025 907 2068 cum
925 2003 1074 2076 Etruscis

61 2091 165 2173 filius,
188 2111 260 2155 cum
278 2090 406 2173 Pyrrho
430 2112 530 2174 nepos
555 2112 588 2154 se
611 2091 754 2156 hostium
772 2092 847 2155 telis
871 2091 1076 2175 obiecissent,

60 2186 133 2244 non'
153 2200 220 2242 nno
242 2178 327 2242 bello
350 2200 409 2261 pro
432 2179 538 2262 patria
561 2178 705 2243 cadentis
728 2177 894 2262 Scipiones
913 2177 1075 2262 Hispania

61 2266 213 2349 vidisset,
239 2265 376 2331 Paulum
404 2270 437 2330 et
460 2265 630 2332 Geminum
654 2265 797 2350 Cannae,
825 2267 968 2332 Venusia
990 2267 1072 2332 Mar-

61 2354 192 2437 cellum,
209 2353 327 2418 Litana
345 2354 510 2437 Albinum,
527 2353 649 2420 Lucani
669 2354 857 2419 Gracchum.
895 2354 983 2419 Num
1002 2356 1073 2437 quis

23 2442 185 2509 atheram·
203 2442 302 2506 miser
325 2441 442 2507 hodie?
487 2442 537 2507 Ne
563 2447 635 2507 tum
664 2442 793 2526 quidem
820 2446 896 2524 post
923 2442 1073 2523 spiritum

61 2534 257 2615 extremum3
274 2551 334 2595 nec
353 2531 439 2595 enim
457 2534 566 2614 potest
584 2552 654 2594 esse
672 2531 770 2594 miser
790 2530 959 2612 quisquam
978 2551 1074 2593 sensu

61 2621 240 2703 perempto.
279 2618 325 2682 At
346 2617 378 2682 id
402 2619 510 2702 ipsum
533 2619 680 2683 odiosum
704 2623 766 2699 est,
790 2617 858 2681 sine
878 2638 974 2681 sensu
993 2638 1072 2680 esse.
1091 2637 1128 2686 oo

62 2705 234 2789 Odiosum,
262 2706 291 2769 si
318 2706 351 2770 id
378 2706 464 2770 esset
491 2728 607 2772 carere.
653 2704 735 2770 Cum
762 2727 839 2770 vero
869 2705 1073 2788 perspicuum

63 2794 108 2858 sit
124 2793 209 2859 nihil
226 2815 322 2877 posse
340 2794 376 2858 in
394 2815 431 2858 eo
451 2815 531 2872 esse,
552 2794 607 2876 qui
629 2794 698 2877 ipse
716 2815 782 2858 non
800 2792 851 2875 sit,
869 2792 947 2876 quid
965 2797 1073 2877 potest

22 2901 50 2947 sc
63 2904 134 2946 esso
166 2881 202 2947 in
236 2903 275 2946 eo
312 2882 473 2965 odiosum,
509 2883 564 2966 qui
601 2903 660 2946 nec
697 2885 806 2945 eareat
838 2902 897 2945 nec
931 2882 1072 2946 sentiat?

63 2969 270 3053 Quamquam
292 2969 353 3034 hoc
375 2970 504 3053 quidem
526 2969 625 3033 nimis
644 2991 752 3053 saepe,
776 2969 832 3033 sed
856 2990 908 3052 eo,
931 2970 1016 3052 quod
1039 2971 1074 3034 in

62 3057 125 3122 hoc
144 3057 229 3123 inest
247 3058 350 3122 cnutus
370 3058 470 3122 animi
489 3057 665 3122 connectio
685 3078 724 3121 ex
742 3060 831 3121 metu
850 3059 972 3121 mortis.
1012 3055 1074 3131 Qui

65 3146 151 3211 enim
174 3145 254 3210 satis
278 3146 408 3229 viderit,
430 3145 464 3216 id
487 3145 572 3229 quod
592 3149 641 3209 est
662 3145 734 3209 luce
753 3145 885 3228 clarius,
909 3146 1016 3209 animo
1041 3148 1075 3206 et

64 3255 199 3317 corpore
227 3237 418 3317 consumpto
445 3236 580 3318 totoque
608 3232 773 3297 animante
801 3232 906 3296 deleto
931 3236 964 3295 et
986 3231 1072 3295 facto

24 3320 200 3386 ssinteritu
231 3321 382 3386 universo
414 3320 493 3385 illud
525 3321 658 3403 animal,
691 3321 775 3403 quod
807 3320 920 3401 fuerit,
951 3318 1073 3383 factum

65 3430 134 3491 esse
157 3408 253 3491 nihil,
280 3408 309 3472 is
336 3409 433 3492 plane
462 3408 637 3492 perspiciet
659 3409 743 3472 inter
766 3407 1074 3489 Hippocentaurum,

66 3497 121 3581 qui
145 3517 322 3587 numquam
348 3496 461 3582 fuerit,
488 3500 521 3560 et
547 3517 656 3581 regem
683 3497 962 3580 Agamemnonem
990 3493 1077 3556 nihil
