2346 3876
80 147 126 212 24
352 141 642 199 ΑΟΔΒΕΜΙΟΟΒὈΜ
659 139 826 196 PRIORUM

80 306 289 392 philosophia
319 305 465 388 laudata,
497 303 643 388 profecto
675 302 744 368 eius
774 304 928 368 tractatio
966 305 1090 388 optimo

82 399 179 480 atque
206 393 406 478 amplissimo
438 413 565 477 quoque
592 391 781 475 dignissima
814 394 878 474 est,
908 412 969 456 neo
1000 393 1088 475 quid·

82 505 181 568 quam
204 482 292 548 aliud
314 480 487 547 videndum
510 483 560 544 est
581 479 692 562 nobis,
716 500 795 562 quos
815 480 955 563 populus
973 479 1089 545 Roma·

82 593 143 636 nus
174 571 236 636 hoc
250 564 299 634 'in
326 569 429 653 gradu
456 567 651 650 conlocavit,
681 567 746 632 nisi
775 588 817 630 ne
844 566 921 651 quid
953 567 1088 651 privatis

82 659 198 724 studiis
212 659 250 722 de
265 679 364 741 opera
376 656 508 740 publiea
521 655 735 721 detrahamus.
763 653 895 739 Quodsi,
911 676 985 720 cum
999 655 1114 739 fungis

82 768 213 812 munere
235 746 447 829 debebamus,
468 765 536 808 non
557 743 653 807 modo
677 763 807 826 operam
829 745 977 807 nostram
999 765 1089 808 num·

83 857 179 919 quam
211 856 231 898 a
261 832 411 917 populari
442 835 535 896 coetu
561 831 772 914 removimus,
795 829 851 894 sed
878 851 919 894 ne
947 831 1090 896 litteram

83 922 210 1008 quidem
235 921 336 985 ullam
362 918 496 984 fecimus
524 919 589 983 nisi
615 917 791 1000 forensem,
820 917 894 1001 quis
920 919 1091 1002 reprendet

84 1011 186 1075 otium
216 1011 377 1088 nostrum,
409 1007 464 1090 qui
495 1007 530 1070 in
557 1028 595 1071 eo
621 1028 686 1071 non
717 1005 813 1071 modo
844 1009 972 1071 nosmet
1003 1007 1090 1091 ipsos

83 1098 255 1183 hebescere
278 1099 312 1160 et
333 1095 488 1179 languere
508 1080 669 1178 ndlumus,
687 1093 743 1157 sed
764 1093 869 1176 etiam,
887 1096 925 1156 ut
941 1093 1091 1177 plurimis
1103 1118 1126 1158 a

83 1184 258 1268 prosimus,
294 1181 466 1247 enitimur?
502 1181 650 1246 Gloriam
685 1202 761 1247 vero
795 1202 861 1245 non
897 1181 994 1246 modo
1028 1203 1091 1247 non

84 1272 199 1354 minui,
227 1270 283 1336 sed
309 1270 408 1335 etiam
435 1269 548 1353 augeri
577 1269 773 1334 arbitramur
800 1289 924 1351 eorum,
956 1290 1092 1354 quorum

86 1359 127 1424 ad
162 1358 329 1443 popularis
364 1358 573 1440 inlustrisque
612 1356 725 1421 laudes
761 1356 821 1420 has
855 1356 955 1420 etiam
986 1359 1092 1422 minus

50 1459 66 1508 7
84 1451 179 1513 notas
205 1447 375 1530 minusque
397 1444 603 1528 pervolgatas
627 1443 842 1527 adiungimus.
881 1441 963 1508 Sunt
985 1446 1093 1529 etiam,

85 1536 141 1620 qui
171 1537 292 1619 negent
322 1535 356 1596 in
386 1532 440 1616 iis,
478 1532 534 1616 qui
564 1532 599 1595 in
629 1532 751 1596 nostris
787 1530 880 1596 libris
916 1531 1093 1617 disputent,
1105 1556 1128 1598 u

84 1623 184 1688 fuisse
207 1644 317 1688 earum
339 1641 460 1702 rerum,
486 1618 664 1702 dequibus
687 1619 885 1702 disputatur,
915 1619 1092 1686 scientiam

85 1709 148 1786 oui
175 1710 256 1775 mihi
282 1710 434 1774 videntur
459 1729 526 1772 non
553 1707 658 1771 solum
683 1706 782 1790 vivis,
809 1706 986 1772 sedetiam
1011 1731 1093 1774 mor-

85 1799 151 1864 tuis
173 1798 324 1863 invidere.

51 1890 73 1954 3
152 1884 269 1963 Restat
295 1904 394 1948 unum
423 1901 524 1965 genus
551 1881 832 1964 reprehensorum,
863 1882 980 1965 quibus
1012 1883 1093 1948 Aca·

86 1973 211 2038 demiae
237 1972 321 2036 ratio
343 1991 409 2034 non
435 1969 602 2052 probatur.
651 1968 742 2045 Quod
770 1970 901 2053 gravius
926 1969 1093 2055 ferremus,
1106 1995 1131 2036 ao

88 2063 117 2126 si
139 2061 309 2144 quisquam
330 2058 432 2122 ullam
458 2057 661 2141 disciplinam
688 2057 914 2141 philosophiae
940 2060 1094 2141 probaret

86 2152 318 2233 praeteream,
341 2166 438 2229 quam
457 2145 526 2228 ipse
549 2149 743 2229 sequeretur.
786 2144 857 2210 Nos
880 2149 988 2210 autem
1016 2170 1094 2230 quo·

86 2237 176 2301 niam
207 2237 318 2300 contra
345 2253 469 2317 omnes,
492 2232 548 2316 qui
578 2253 610 2298 se
635 2233 713 2298 scire
740 2233 946 2311 arbitrando,
979 2233 1095 2319 dicere,

88 2345 169 2409 quae
205 2322 369 2399 videntur,
404 2320 559 2397 solemus,
594 2342 660 2386 non
695 2342 883 2404 possumus,
920 2322 998 2405 quin
1037 2324 1094 2388 alii

88 2410 225 2477 anobis
254 2408 459 2487 dissentiant,
485 2428 646 2493 recusare3
674 2429 867 2492 quamquam
889 2413 1003 2474 nostra
1025 2412 1093 2494 qui·
1107 2434 1131 2476 a

89 2500 161 2564 dem
184 2519 279 2563 causa
304 2497 410 2562 facilis
437 2499 501 2579 est,
534 2496 590 2580 qui
615 2518 727 2560 verum
752 2497 896 2560 invenire
926 2497 994 2562 sine
1026 2499 1095 2563 ulla

89 2587 294 2653 contentione
315 2585 462 2649 volumus
480 2583 575 2667 idque
595 2606 720 2648 summa
738 2605 815 2648 cura
833 2584 1002 2668 studioque
1021 2608 1095 2651 con·

89 2674 255 2760 quirimus.
303 2671 377 2736 Etsi
405 2671 492 2736 enim
519 2671 624 2736 omnis
651 2671 795 2756 cognitio
823 2671 934 2736 multis
962 2678 1012 2738 est
1039 2675 1094 2738 ob·

90 2765 213 2827 structa
245 2759 503 2841 difficultatibus,
534 2777 634 2839 eaque
666 2763 716 2823 est
750 2762 783 2823 et
816 2759 852 2822 in
882 2759 962 2843 ipsis
998 2762 1094 2827 rebus

90 2849 271 2915 obscuritas
303 2851 336 2912 et
365 2847 401 2911 in
431 2847 560 2912 iudiciis
590 2848 711 2913 nostris
743 2846 929 2931 infirmitas,
960 2854 998 2914 ut
1029 2871 1094 2914 non
1107 2873 1130 2917 so

90 2937 159 3002 sine
179 2957 274 3000 eausa
292 2934 508 3019 antiquissimi
531 2938 565 2999 et
583 2935 760 3000 doctissimi
777 2935 920 2999 invenire
939 2958 973 3000 se
990 2958 1095 3021 posse,

90 3023 175 3109 quod
196 3026 362 3107 cuperent,
384 3022 484 3087 diffisi
507 3023 588 3107 sint,
613 3027 723 3088 tamen
748 3043 806 3087 nec
834 3023 884 3087 illi
911 3023 1096 3090 defecerunt

89 3133 193 3196 neque
215 3133 274 3176 nos
297 3110 440 3175 studium
463 3110 648 3194 exquirendi
670 3110 842 3194 defatigati
864 3111 1097 3198 relinquemus3

89 3221 192 3284 neque
229 3202 360 3264 nostrae
392 3198 627 3282 disputationes
660 3198 832 3282 quidquam
866 3199 953 3264 aliud
985 3205 1096 3285 agunt,

89 3288 154 3353 nisi
172 3288 255 3351 utin
268 3291 439 3370 utramque
457 3289 583 3369 partem
599 3285 732 3351 dicendo
747 3289 779 3349 et
794 3286 950 3352 audiendo
965 3289 1097 3354 eliciant
1109 3313 1129 3354 a

90 3379 124 3439 et
150 3380 317 3459 tamquam
344 3374 526 3457 exprimant
557 3374 690 3459 aliquid,
720 3374 804 3457 quod
831 3378 888 3439 aut
914 3397 1025 3440 verum
1053 3377 1098 3440 sit

52 3465 148 3534 aaut
183 3463 225 3528 ad
258 3463 292 3527 id
329 3483 424 3546 quam
462 3462 608 3547 proxime
646 3461 790 3547 accedat3
826 3483 885 3528 nec
920 3463 1004 3528 inter
1035 3485 1097 3529 nos

47 3570 130 3620 ,ι
358 3581 363 3589 .
