2346 3876
270 150 339 205 ula.
356 150 392 205 11.
428 149 505 205 011.
524 155 572 219 ao,
591 155 632 204 e1.
666 155 840 216 ser-102.
997 150 1056 214 161

46 316 81 379 et
102 312 234 378 caritas-
247 310 422 395 amicitiae,
446 333 644 376 summorum
665 310 845 375 officiorum
862 312 898 377 in
915 317 1057 377 extremo

51 401 168 484 spiritu
196 400 398 466 conservatio
426 399 548 464 indicat
575 399 721 464 innatam
745 420 814 463 esse
836 399 962 465 homini
984 422 1058 483 pro-

53 488 185 554 bitatem
216 488 410 573 gratuitam,
441 509 508 553 non
539 487 710 553 invitatam
746 487 968 569 voluptatibus
999 511 1058 553 nec

59 578 269 659 praemiorum
297 574 496 640 mercedibus
518 579 695 640 evocatam.
745 573 838 650 Quod
860 576 945 639 enim
968 577 1058 640 testi-

44 667 195 731 omonium
216 663 325 728 maius
348 663 544 747 quaerimus,
566 684 648 746 quae
670 662 808 728 honesta
827 666 860 726 et
878 667 966 728 recta
985 664 1059 746 sint,

65 753 126 835 ipsa
153 775 221 819 csse
254 752 415 835 optabilia
452 773 510 834 per
541 772 626 834 sese,
662 772 735 817 cum
767 750 931 815 videamus
968 755 1069 816 tanta-

68 840 158 905 officia
179 839 369 905 morientis?
406 837 469 903 Sed
490 842 528 903 ut
550 839 721 922 epistulam
741 838 935 904 laudandam
954 840 1036 904 arbi·
1062 864 1112 909 100

70 932 125 993 1101
148 950 233 1011 eam,
261 948 360 1011 quam
386 927 482 992 modo
510 927 645 991 totidem
671 927 739 991 fere
766 928 874 1003 verbis
903 928 1059 1011 interpre-

72 1018 142 1081 tatos
171 1038 256 1098 sum,
288 1037 482 1099 quamquam
514 1036 552 1079 ea
583 1036 656 1080 cnm
693 1037 819 1080 summa
850 1016 919 1080 eius
955 1016 1058 1099 philo·

46 1103 166 1187 asophia
186 1103 277 1168 nullo
302 1103 398 1168 modo
421 1102 635 1188 congruebat,
659 1102 704 1168 sic
723 1103 866 1167 eiusdem
883 1108 1059 1169 testamen-

74 1193 127 1255 tun
144 1213 207 1258 uon
230 1192 337 1256 solum
358 1212 380 1255 a
401 1191 589 1275 philosophi
612 1192 786 1276 gravitate,
814 1193 870 1257 sed
896 1194 994 1257 etiam
1018 1194 1059 1258 ab

76 1277 155 1362 ipsius
182 1280 342 1345 sententia
368 1279 474 1345 iudico
501 1279 692 1363 discrepare.
748 1278 886 1364 Scripsit
913 1281 998 1345 enim
1028 1287 1060 1345 et

76 1368 164 1433 uultis
186 1389 282 1451 saepe
305 1368 413 1432 verbis
436 1370 470 1431 et
491 1367 633 1431 breviter
656 1373 830 1451 aperteque
853 1370 888 1433 iu
907 1391 944 1434 eo
967 1370 1059 1451 libro,

76 1474 150 1537 quen
174 1457 271 1522 modo
299 1455 477 1539 nominavi,
504 1459 664 1520 mortem
686 1455 788 1520 nihil
816 1456 860 1519 ad
882 1478 952 1521 nos
974 1479 1059 1541 per-

53 1542 185 1609 utiucre.
220 1543 328 1620 Quod
351 1544 449 1608 enim
471 1543 703 1609 dissolutum
726 1544 791 1621 sit,
814 1543 852 1607 id
871 1565 952 1608 esse
977 1546 1059 1609 sine

76 1651 178 1716 seusu,
205 1631 306 1718 quod
333 1635 458 1696 autem
489 1632 571 1695 sine
599 1653 712 1696 sensu
736 1632 799 1713 sit,
830 1632 868 1696 id
890 1631 991 1696 nihil
1015 1633 1060 1695 ad

75 1738 127 1784 nos
146 1721 340 1804 pertinere
363 1719 526 1785 omnino.
562 1717 635 1785 Hoc
656 1721 761 1803 ipsum
780 1719 960 1804 elegantius
983 1722 1059 1802 poni

75 1808 230 1893 meliusque
253 1808 370 1892 potuit.
414 1806 501 1872 Nam
524 1808 609 1892 quod
636 1808 684 1871 ita
704 1808 848 1890 positum
872 1812 934 1890 est,
962 1808 1060 1890 quod

75 1893 284 1962 dissolutum
307 1896 370 1979 sit,
393 1896 432 1960 id
455 1917 538 1960 esse
562 1896 645 1960 sinc
669 1917 795 1979 sensu,
824 1896 858 1960 id
881 1896 950 1960 eius
973 1897 1060 1960 modi

50 1988 122 2063 nest,
148 1989 184 2051 nt
212 2007 281 2050 non
312 1984 393 2049 satis
424 1984 520 2067 plane
550 1984 649 2066 dicat,
681 1983 759 2067 quid
790 1984 833 2049 sit
860 1984 1060 2049 dissolutum.

74 2067 121 2136 Sed
134 2077 242 2139 tamen
264 2073 433 2157 intellego,
456 2072 532 2156 quid
548 2072 636 2136 velit.
673 2071 798 2148 Quaero
816 2078 938 2156 autem,
961 2072 1036 2157 quid
1062 2094 1111 2141 101

74 2159 116 2243 sit,
142 2161 239 2246 quod,
271 2182 343 2226 oum
375 2161 600 2243 dissolutione,
636 2160 668 2223 id
707 2163 758 2224 est
793 2164 910 2244 morte,
947 2182 1060 2225 sensus

73 2250 158 2315 omnis
185 2248 422 2334 exstinguatur,
450 2252 484 2313 et
510 2270 582 2313 cum
605 2248 721 2333 reliqui
743 2248 826 2313 nihil
854 2249 897 2313 sit
919 2250 1059 2330 omnino,

73 2338 140 2418 quod
156 2338 319 2422 pertineat
337 2337 377 2403 ad
394 2358 464 2420 nos,
485 2340 554 2400 tam
573 2340 719 2401 accurate
739 2341 869 2420 tamque
891 2337 1061 2420 diligenter

48 2429 168 2491 sancet
189 2431 223 2491 et
246 2425 385 2507 sanciat,
408 2428 450 2489 ut
471 2423 782 2508 Amynomachus
806 2426 844 2488 et
866 2425 1060 2490 Timocra-

73 2515 128 2598 tes,
148 2514 304 2580 heredes
328 2513 401 2598 sui,
424 2513 467 2578 de
491 2511 719 2577 Hermarchi
738 2512 934 2577 sententia
957 2512 1060 2593 dent,

34 2596 38 2617 '
72 2603 153 2683 quod
175 2603 274 2668 satis
293 2602 346 2666 sit
363 2601 408 2666 ad
430 2601 530 2666 diem
548 2600 738 2684 agendum
760 2600 931 2666 natalem
955 2621 1061 2663 suum

73 2691 264 2772 quotannis
288 2711 414 2762 mense
436 2688 672 2772 Gamelione,
693 2689 861 2772 itemque
884 2688 1060 2752 omnibus

73 2779 249 2845 mensibus
280 2778 464 2842 vicesimo
496 2777 556 2841 die
589 2777 700 2841 lunae
733 2776 824 2841 dent
855 2776 900 2840 ad
932 2797 1061 2840 eorum

46 2868 202 2950 aepulas,
225 2867 290 2950 qui
312 2888 385 2931 una
408 2887 533 2931 secum
555 2864 827 2948 philosophati
851 2865 944 2947 sint,
967 2868 1062 2930 utet

73 2955 118 3018 sui
146 2959 183 3021 et
209 2954 420 3020 Metrodori
447 2954 628 3018 memoria
655 2953 814 3018 colatur.
860 2952 949 3017 Haec
978 2974 1037 3038 ego
1064 2976 1114 3022 ros

72 3059 124 3108 11011
143 3065 273 3128 possum
297 3043 400 3107 dicere
418 3064 485 3107 non
505 3063 575 3106 esse
597 3041 738 3106 hominis
761 3042 906 3125 quamvis
930 3046 964 3106 et
985 3042 1062 3107 belli

74 3131 256 3215 ethumani,
284 3131 440 3214 sapientis
463 3151 538 3195 vero
567 3130 657 3194 nullo
681 3130 790 3212 modo,
818 3129 946 3214 physici
973 3151 1061 3212 prae-

73 3220 179 3305 sertim,
210 3241 306 3304 quem
338 3242 371 3285 se
403 3219 459 3283 ille
492 3240 562 3283 esse
594 3218 679 3300 vult,
710 3221 826 3301 putare
857 3218 960 3281 ullum
992 3237 1062 3281 esse

45 3306 242 3394 nouusquom
270 3309 354 3374 diem
380 3309 531 3373 natalem.
582 3305 687 3383 Quid?
714 3307 839 3370 idemne
861 3308 970 3389 potest
993 3324 1062 3368 esse

73 3391 127 3461 dies
147 3398 290 3482 saepius,
312 3397 367 3481 qui
391 3397 491 3462 semel
513 3394 597 3460 fuit?
643 3392 737 3459 Certe
759 3415 826 3458 non
847 3394 964 3475 potest.
1010 3391 1062 3455 An

74 3482 198 3551 eiusdem
229 3485 339 3551 modi?
388 3483 438 3550 Ne
465 3483 498 3548 id
521 3484 662 3567 quidem,
689 3482 753 3546 nisi
779 3481 882 3544 multu
904 3500 1064 3543 annorum

113 3597 158 3638 010,
170 3600 210 3639 Ν.
228 3602 246 3638 1,
878 3592 918 3640 n
