<?xml version="1.0" encoding="UTF-8"?>
<!DOCTYPE html PUBLIC "-//W3C//DTD XHTML 1.0 Transitional//EN"
    "http://www.w3.org/TR/xhtml1/DTD/xhtml1-transitional.dtd">
<html xmlns="http://www.w3.org/1999/xhtml" xml:lang="en" lang="en">
 <head>
  <title>
</title>
<meta http-equiv="Content-Type" content="text/html;charset=utf-8" />
  <meta name='ocr-system' content='tesseract 3.04.00' />
  <meta name='ocr-capabilities' content='ocr_page ocr_carea ocr_par ocr_line ocrx_word'/>
</head>
<body>
  <div class='ocr_page' id='page_1' title='image "./mtulliiciceroni00mlgoog_0198.png"; bbox 0 0 2356 3870; ppageno 0'>
   <div class='ocr_carea' id='block_1_1' title="bbox 301 161 1083 231">
    <p class='ocr_par' dir='ltr' id='par_1_1' title="bbox 301 161 1083 231">
     <span class='ocr_line' id='line_1_1' title="bbox 301 161 1083 231; baseline 0.01 -11"><span class='ocrx_word' id='word_1_1' title='bbox 301 161 369 220; x_wconf 75' lang='lat' dir='ltr'>Lm.</span> <span class='ocrx_word' id='word_1_2' title='bbox 388 165 422 221; x_wconf 88' lang='lat'>11.</span> <span class='ocrx_word' id='word_1_3' title='bbox 451 164 528 220; x_wconf 75' lang='lat' dir='ltr'>car.</span> <span class='ocrx_word' id='word_1_4' title='bbox 547 171 670 220; x_wconf 80' lang='lat' dir='ltr'>ao-aa.</span> <span class='ocrx_word' id='word_1_5' title='bbox 698 172 713 231; x_wconf 77' lang='lat' dir='ltr'>s</span> <span class='ocrx_word' id='word_1_6' title='bbox 733 170 854 221; x_wconf 81' lang='lat' dir='ltr'>ec-rr.</span> <span class='ocrx_word' id='word_1_7' title='bbox 1022 164 1083 227; x_wconf 83' lang='lat'>149</span> 
     </span>
    </p>
   </div>
   <div class='ocr_carea' id='block_1_2' title="bbox 40 326 1140 3322">
    <p class='ocr_par' dir='ltr' id='par_1_2' title="bbox 78 326 1137 1029">
     <span class='ocr_line' id='line_1_2' title="bbox 99 326 1084 412; baseline 0.001 -22"><span class='ocrx_word' id='word_1_8' title='bbox 99 326 163 390; x_wconf 87' lang='lat' dir='ltr'>tatio</span> <span class='ocrx_word' id='word_1_9' title='bbox 184 327 361 410; x_wconf 88' lang='lat' dir='ltr'>splendida!</span> <span class='ocrx_word' id='word_1_10' title='bbox 398 326 511 393; x_wconf 90' lang='lat' dir='ltr'>Omnis</span> <span class='ocrx_word' id='word_1_11' title='bbox 531 331 581 393; x_wconf 87' lang='lat' dir='ltr'>est</span> <span class='ocrx_word' id='word_1_12' title='bbox 599 327 685 393; x_wconf 87' lang='lat' dir='ltr'>enim</span> <span class='ocrx_word' id='word_1_13' title='bbox 708 328 746 392; x_wconf 92' lang='lat' dir='ltr'>de</span> <span class='ocrx_word' id='word_1_14' title='bbox 772 328 902 392; x_wconf 84' lang='lat' dir='ltr'>virtutis</span> <span class='ocrx_word' id='word_1_15' title='bbox 926 327 1084 412; x_wconf 84' lang='lat' dir='ltr'>dignitate</span> 
     </span>
     <span class='ocr_line' id='line_1_3' title="bbox 99 414 1085 498; baseline 0.001 -21"><span class='ocrx_word' id='word_1_16' title='bbox 99 416 249 481; x_wconf 87' lang='lat' dir='ltr'>contentio.</span> <span class='ocrx_word' id='word_1_17' title='bbox 303 414 350 479; x_wconf 85' lang='lat' dir='ltr'>At</span> <span class='ocrx_word' id='word_1_18' title='bbox 381 437 454 480; x_wconf 88' lang='lat' dir='ltr'>cum</span> <span class='ocrx_word' id='word_1_19' title='bbox 485 417 551 481; x_wconf 91' lang='lat' dir='ltr'>tuis</span> <span class='ocrx_word' id='word_1_20' title='bbox 584 438 658 481; x_wconf 89' lang='lat' dir='ltr'>cum</span> <span class='ocrx_word' id='word_1_21' title='bbox 689 416 843 498; x_wconf 74' lang='lat' dir='ltr'>disseras,</span> <span class='ocrx_word' id='word_1_22' title='bbox 874 416 978 480; x_wconf 89' lang='lat' dir='ltr'>multa</span> <span class='ocrx_word' id='word_1_23' title='bbox 1010 420 1085 480; x_wconf 87' lang='lat' dir='ltr'>sunt</span> 
     </span>
     <span class='ocr_line' id='line_1_4' title="bbox 98 503 1084 588; baseline 0.003 -23"><span class='ocrx_word' id='word_1_24' title='bbox 98 503 233 568; x_wconf 86' lang='lat' dir='ltr'>audienda</span> <span class='ocrx_word' id='word_1_25' title='bbox 261 504 362 568; x_wconf 91' lang='lat' dir='ltr'>etiam</span> <span class='ocrx_word' id='word_1_26' title='bbox 390 503 428 568; x_wconf 91' lang='lat' dir='ltr'>de</span> <span class='ocrx_word' id='word_1_27' title='bbox 457 505 605 570; x_wconf 83' lang='lat' dir='ltr'>obscenis</span> <span class='ocrx_word' id='word_1_28' title='bbox 633 504 869 587; x_wconf 85' lang='lat' dir='ltr'>voluptatibus,</span> <span class='ocrx_word' id='word_1_29' title='bbox 901 503 940 567; x_wconf 92' lang='lat' dir='ltr'>de</span> <span class='ocrx_word' id='word_1_30' title='bbox 968 504 1084 588; x_wconf 88' lang='lat' dir='ltr'>quibus</span> 
     </span>
     <span class='ocr_line' id='line_1_5' title="bbox 99 590 1137 677; baseline -0.004 -24"><span class='ocrx_word' id='word_1_31' title='bbox 99 590 128 654; x_wconf 89' lang='lat' dir='ltr'>ab</span> <span class='ocrx_word' id='word_1_32' title='bbox 150 591 288 675; x_wconf 81' lang='lat' dir='ltr'>Epicuro</span> <span class='ocrx_word' id='word_1_33' title='bbox 316 593 503 677; x_wconf 82' lang='lat' dir='ltr'>saepissime</span> <span class='ocrx_word' id='word_1_34' title='bbox 531 593 656 657; x_wconf 88' lang='lat' dir='ltr'>dicitur.</span> <span class='ocrx_word' id='word_1_35' title='bbox 704 591 780 657; x_wconf 92' lang='lat' dir='ltr'>Non</span> <span class='ocrx_word' id='word_1_36' title='bbox 801 595 894 674; x_wconf 88' lang='lat' dir='ltr'>potes</span> <span class='ocrx_word' id='word_1_37' title='bbox 919 612 996 676; x_wconf 86' lang='lat' dir='ltr'>ergo</span> <span class='ocrx_word' id='word_1_38' title='bbox 1022 592 1085 656; x_wconf 83' lang='lat' dir='ltr'>istc</span> <span class='ocrx_word' id='word_1_39' title='bbox 1104 603 1137 650; x_wconf 82' lang='lat' dir='ltr'>oe</span> 
     </span>
     <span class='ocr_line' id='line_1_6' title="bbox 78 679 1085 765; baseline 0.004 -25"><span class='ocrx_word' id='word_1_40' title='bbox 78 680 174 764; x_wconf 77' lang='lat' dir='ltr'>rtueri,</span> <span class='ocrx_word' id='word_1_41' title='bbox 201 679 377 764; x_wconf 80' lang='lat' dir='ltr'>Torquate,</span> <span class='ocrx_word' id='word_1_42' title='bbox 404 680 486 745; x_wconf 92' lang='lat' dir='ltr'>mihi</span> <span class='ocrx_word' id='word_1_43' title='bbox 514 681 619 765; x_wconf 86' lang='lat' dir='ltr'>crede,</span> <span class='ocrx_word' id='word_1_44' title='bbox 646 681 674 744; x_wconf 91' lang='lat' dir='ltr'>si</span> <span class='ocrx_word' id='word_1_45' title='bbox 697 683 730 744; x_wconf 92' lang='lat' dir='ltr'>tc</span> <span class='ocrx_word' id='word_1_46' title='bbox 753 680 822 763; x_wconf 92' lang='lat' dir='ltr'>ipse</span> <span class='ocrx_word' id='word_1_47' title='bbox 848 684 881 744; x_wconf 92' lang='lat' dir='ltr'>et</span> <span class='ocrx_word' id='word_1_48' title='bbox 903 682 977 744; x_wconf 88' lang='lat' dir='ltr'>tuas</span> <span class='ocrx_word' id='word_1_49' title='bbox 1002 680 1085 764; x_wconf 83' lang='lat' dir='ltr'>cogi·</span> 
     </span>
     <span class='ocr_line' id='line_1_7' title="bbox 96 768 1085 853; baseline 0 -22"><span class='ocrx_word' id='word_1_50' title='bbox 96 768 217 833; x_wconf 87' lang='lat' dir='ltr'>tationes</span> <span class='ocrx_word' id='word_1_51' title='bbox 252 775 285 832; x_wconf 88' lang='lat' dir='ltr'>et</span> <span class='ocrx_word' id='word_1_52' title='bbox 317 769 423 833; x_wconf 89' lang='lat' dir='ltr'>studia</span> <span class='ocrx_word' id='word_1_53' title='bbox 455 769 667 853; x_wconf 81' lang='lat' dir='ltr'>perspexeris3</span> <span class='ocrx_word' id='word_1_54' title='bbox 704 768 838 852; x_wconf 89' lang='lat' dir='ltr'>pudebit</span> <span class='ocrx_word' id='word_1_55' title='bbox 868 771 915 851; x_wconf 90' lang='lat' dir='ltr'>te,</span> <span class='ocrx_word' id='word_1_56' title='bbox 946 769 1085 852; x_wconf 90' lang='lat' dir='ltr'>inquam,</span> 
     </span>
     <span class='ocr_line' id='line_1_8' title="bbox 95 854 1085 942; baseline 0.001 -23"><span class='ocrx_word' id='word_1_57' title='bbox 95 854 166 921; x_wconf 87' lang='lat' dir='ltr'>illius</span> <span class='ocrx_word' id='word_1_58' title='bbox 193 855 340 940; x_wconf 88' lang='lat' dir='ltr'>tabulae,</span> <span class='ocrx_word' id='word_1_59' title='bbox 367 879 464 942; x_wconf 91' lang='lat' dir='ltr'>quam</span> <span class='ocrx_word' id='word_1_60' title='bbox 488 855 662 922; x_wconf 80' lang='lat' dir='ltr'>Cleanthes</span> <span class='ocrx_word' id='word_1_61' title='bbox 690 879 766 922; x_wconf 88' lang='lat' dir='ltr'>sane</span> <span class='ocrx_word' id='word_1_62' title='bbox 789 857 955 922; x_wconf 91' lang='lat' dir='ltr'>commode</span> <span class='ocrx_word' id='word_1_63' title='bbox 978 857 1085 921; x_wconf 88' lang='lat' dir='ltr'>verbis</span> 
     </span>
     <span class='ocr_line' id='line_1_9' title="bbox 94 942 1086 1029; baseline 0.001 -22"><span class='ocrx_word' id='word_1_64' title='bbox 94 942 250 1029; x_wconf 82' lang='lat' dir='ltr'>depingere</span> <span class='ocrx_word' id='word_1_65' title='bbox 273 944 408 1010; x_wconf 88' lang='lat' dir='ltr'>solebat.</span> <span class='ocrx_word' id='word_1_66' title='bbox 443 944 582 1010; x_wconf 78' lang='lat' dir='ltr'>lubebat</span> <span class='ocrx_word' id='word_1_67' title='bbox 604 967 672 1028; x_wconf 90' lang='lat' dir='ltr'>eos,</span> <span class='ocrx_word' id='word_1_68' title='bbox 696 946 750 1029; x_wconf 91' lang='lat' dir='ltr'>qui</span> <span class='ocrx_word' id='word_1_69' title='bbox 770 944 955 1029; x_wconf 77' lang='lat' dir='ltr'>audiebant,</span> <span class='ocrx_word' id='word_1_70' title='bbox 978 966 1086 1010; x_wconf 87' lang='lat' dir='ltr'>secum</span> 
     </span>
    </p>

    <p class='ocr_par' dir='ltr' id='par_1_3' title="bbox 40 1032 1085 1118">
     <span class='ocr_line' id='line_1_10' title="bbox 40 1032 1085 1118; baseline 0.002 -23"><span class='ocrx_word' id='word_1_71' title='bbox 40 1066 42 1071; x_wconf 95' lang='lat'>·</span> <span class='ocrx_word' id='word_1_72' title='bbox 92 1032 164 1114; x_wconf 89' lang='lat' dir='ltr'>ipsos</span> <span class='ocrx_word' id='word_1_73' title='bbox 187 1033 332 1118; x_wconf 87' lang='lat' dir='ltr'>cogitare</span> <span class='ocrx_word' id='word_1_74' title='bbox 354 1034 475 1117; x_wconf 88' lang='lat' dir='ltr'>pictam</span> <span class='ocrx_word' id='word_1_75' title='bbox 502 1035 537 1098; x_wconf 92' lang='lat' dir='ltr'>in</span> <span class='ocrx_word' id='word_1_76' title='bbox 564 1033 675 1098; x_wconf 91' lang='lat' dir='ltr'>tabula</span> <span class='ocrx_word' id='word_1_77' title='bbox 697 1033 855 1116; x_wconf 87' lang='lat' dir='ltr'>Voluptat</span> <span class='ocrx_word' id='word_1_78' title='bbox 822 1055 907 1097; x_wconf 87' lang='lat' dir='ltr'>aem</span> <span class='ocrx_word' id='word_1_79' title='bbox 940 1033 1085 1117; x_wconf 90' lang='lat' dir='ltr'>pulcher·</span> 
     </span>
    </p>

    <p class='ocr_par' dir='ltr' id='par_1_4' title="bbox 40 1121 1085 1211">
     <span class='ocr_line' id='line_1_11' title="bbox 40 1121 1085 1211; baseline 0.005 -29"><span class='ocrx_word' id='word_1_80' title='bbox 40 1152 43 1211; x_wconf 56' lang='lat' dir='ltr'>p</span> <span class='ocrx_word' id='word_1_81' title='bbox 67 1121 159 1187; x_wconf 81' lang='lat' dir='ltr'>admo</span> <span class='ocrx_word' id='word_1_82' title='bbox 173 1121 297 1187; x_wconf 83' lang='lat' dir='ltr'>vestitu</span> <span class='ocrx_word' id='word_1_83' title='bbox 311 1124 344 1186; x_wconf 89' lang='lat' dir='ltr'>et</span> <span class='ocrx_word' id='word_1_84' title='bbox 357 1126 472 1186; x_wconf 88' lang='lat' dir='ltr'>ornatu</span> <span class='ocrx_word' id='word_1_85' title='bbox 490 1121 621 1207; x_wconf 88' lang='lat' dir='ltr'>regali</span> <span class='ocrx_word' id='word_1_86' title='bbox 612 1144 646 1185; x_wconf 89' lang='lat' dir='ltr'>m</span> <span class='ocrx_word' id='word_1_87' title='bbox 664 1121 746 1187; x_wconf 89' lang='lat' dir='ltr'>solio</span> <span class='ocrx_word' id='word_1_88' title='bbox 764 1121 876 1185; x_wconf 89' lang='lat' dir='ltr'>sedent</span> <span class='ocrx_word' id='word_1_89' title='bbox 862 1125 928 1185; x_wconf 89' lang='lat' dir='ltr'>tem</span> <span class='ocrx_word' id='word_1_90' title='bbox 931 1125 1085 1205; x_wconf 89' lang='lat' dir='ltr'>‚poraest</span> 
     </span>
    </p>

    <p class='ocr_par' dir='ltr' id='par_1_5' title="bbox 40 1208 1086 1362">
     <span class='ocr_line' id='line_1_12' title="bbox 40 1208 1086 1362; baseline 0.001 -89"><span class='ocrx_word' id='word_1_91' title='bbox 40 1214 43 1267; x_wconf 94' lang='grc' dir='ltr'>Ι</span> <span class='ocrx_word' id='word_1_92' title='bbox 90 1230 147 1274; x_wconf 87' lang='lat' dir='ltr'>esse</span> <span class='ocrx_word' id='word_1_93' title='bbox 174 1208 387 1274; x_wconf 88' lang='lat' dir='ltr'>Virtutesut</span> <span class='ocrx_word' id='word_1_94' title='bbox 414 1211 583 1275; x_wconf 79' lang='lat' dir='ltr'>ancillulas</span> <span class='ocrx_word' id='word_1_95' title='bbox 589 1231 702 1293; x_wconf 91' lang='lat' dir='ltr'>,quae</span> <span class='ocrx_word' id='word_1_96' title='bbox 729 1208 811 1274; x_wconf 90' lang='lat' dir='ltr'>nihil</span> <span class='ocrx_word' id='word_1_97' title='bbox 836 1210 922 1274; x_wconf 91' lang='lat' dir='ltr'>aliud</span> <span class='ocrx_word' id='word_1_98' title='bbox 946 1217 1086 1362; x_wconf 82' lang='lat' dir='ltr'>agerent,</span> 
     </span>
    </p>

    <p class='ocr_par' dir='ltr' id='par_1_6' title="bbox 40 1261 1139 1938">
     <span class='ocr_line' id='line_1_13' title="bbox 40 1261 1087 1397; baseline 0.001 -36"><span class='ocrx_word' id='word_1_99' title='bbox 40 1356 43 1397; x_wconf 75' lang='lat'>,</span> <span class='ocrx_word' id='word_1_100' title='bbox 40 1274 202 1363; x_wconf 90' lang='lat' dir='ltr'>nullum</span> <span class='ocrx_word' id='word_1_101' title='bbox 237 1320 330 1362; x_wconf 91' lang='lat' dir='ltr'>suum</span> <span class='ocrx_word' id='word_1_102' title='bbox 361 1298 505 1363; x_wconf 81' lang='lat' dir='ltr'>officium</span> <span class='ocrx_word' id='word_1_103' title='bbox 541 1261 706 1379; x_wconf 79' lang='lat' dir='ltr'>duderent,</span> <span class='ocrx_word' id='word_1_104' title='bbox 743 1297 807 1361; x_wconf 88' lang='lat' dir='ltr'>nisi</span> <span class='ocrx_word' id='word_1_105' title='bbox 843 1302 880 1362; x_wconf 89' lang='lat' dir='ltr'>ut</span> <span class='ocrx_word' id='word_1_106' title='bbox 914 1296 1087 1382; x_wconf 79' lang='lat' dir='ltr'>Voluptati</span> 
     </span>
     <span class='ocr_line' id='line_1_14' title="bbox 87 1385 1087 1470; baseline -0.001 -18"><span class='ocrx_word' id='word_1_107' title='bbox 87 1387 303 1452; x_wconf 82' lang='lat' dir='ltr'>ministrarent</span> <span class='ocrx_word' id='word_1_108' title='bbox 334 1390 368 1452; x_wconf 92' lang='lat' dir='ltr'>et</span> <span class='ocrx_word' id='word_1_109' title='bbox 399 1408 471 1451; x_wconf 90' lang='lat' dir='ltr'>eam</span> <span class='ocrx_word' id='word_1_110' title='bbox 498 1390 625 1451; x_wconf 90' lang='lat' dir='ltr'>tantum</span> <span class='ocrx_word' id='word_1_111' title='bbox 656 1385 697 1450; x_wconf 92' lang='lat' dir='ltr'>ad</span> <span class='ocrx_word' id='word_1_112' title='bbox 729 1407 838 1450; x_wconf 87' lang='lat' dir='ltr'>aurem</span> <span class='ocrx_word' id='word_1_113' title='bbox 869 1385 1087 1470; x_wconf 86' lang='lat' dir='ltr'>admonerent,</span> 
     </span>
     <span class='ocr_line' id='line_1_15' title="bbox 88 1473 1086 1558; baseline 0 -20"><span class='ocrx_word' id='word_1_114' title='bbox 88 1475 108 1538; x_wconf 85' lang='lat' dir='ltr'>ai</span> <span class='ocrx_word' id='word_1_115' title='bbox 130 1475 231 1540; x_wconf 93' lang='lat' dir='ltr'>modo</span> <span class='ocrx_word' id='word_1_116' title='bbox 264 1473 299 1537; x_wconf 92' lang='lat' dir='ltr'>id</span> <span class='ocrx_word' id='word_1_117' title='bbox 324 1475 510 1558; x_wconf 87' lang='lat' dir='ltr'>picturain</span> <span class='ocrx_word' id='word_1_118' title='bbox 512 1475 623 1558; x_wconf 83' lang='lat' dir='ltr'>tellegi</span> <span class='ocrx_word' id='word_1_119' title='bbox 650 1478 775 1558; x_wconf 89' lang='lat' dir='ltr'>posset,</span> <span class='ocrx_word' id='word_1_120' title='bbox 806 1478 844 1538; x_wconf 90' lang='lat' dir='ltr'>ut</span> <span class='ocrx_word' id='word_1_121' title='bbox 874 1477 1014 1558; x_wconf 86' lang='lat' dir='ltr'>caveret,</span> <span class='ocrx_word' id='word_1_122' title='bbox 1045 1495 1086 1539; x_wconf 90' lang='lat' dir='ltr'>ne</span> 
     </span>
     <span class='ocr_line' id='line_1_16' title="bbox 62 1525 1086 1647; baseline 0.004 -25"><span class='ocrx_word' id='word_1_123' title='bbox 62 1564 152 1646; x_wconf 82' lang='lat' dir='ltr'>aquid</span> <span class='ocrx_word' id='word_1_124' title='bbox 180 1563 304 1627; x_wconf 86' lang='lat' dir='ltr'>faceret</span> <span class='ocrx_word' id='word_1_125' title='bbox 330 1563 528 1647; x_wconf 86' lang='lat' dir='ltr'>imprudens,</span> <span class='ocrx_word' id='word_1_126' title='bbox 561 1563 645 1647; x_wconf 89' lang='lat' dir='ltr'>quod</span> <span class='ocrx_word' id='word_1_127' title='bbox 677 1525 851 1627; x_wconf 87' lang='lat' dir='ltr'>offenderet</span> <span class='ocrx_word' id='word_1_128' title='bbox 836 1563 1001 1626; x_wconf 89' lang='lat' dir='ltr'>tanimos</span> <span class='ocrx_word' id='word_1_129' title='bbox 1029 1562 1086 1626; x_wconf 93' lang='lat' dir='ltr'>h-o</span> 
     </span>
     <span class='ocr_line' id='line_1_17' title="bbox 86 1649 1086 1735; baseline -0.004 -19"><span class='ocrx_word' id='word_1_130' title='bbox 86 1652 215 1734; x_wconf 88' lang='lat' dir='ltr'>ninum,</span> <span class='ocrx_word' id='word_1_131' title='bbox 243 1653 300 1715; x_wconf 91' lang='lat' dir='ltr'>aut</span> <span class='ocrx_word' id='word_1_132' title='bbox 326 1651 510 1735; x_wconf 89' lang='lat' dir='ltr'>quicquam,</span> <span class='ocrx_word' id='word_1_133' title='bbox 540 1673 556 1716; x_wconf 98' lang='lat' dir='ltr'>e</span> <span class='ocrx_word' id='word_1_134' title='bbox 584 1673 646 1735; x_wconf 91' lang='lat' dir='ltr'>quo</span> <span class='ocrx_word' id='word_1_135' title='bbox 675 1651 814 1715; x_wconf 89' lang='lat' dir='ltr'>oriretur</span> <span class='ocrx_word' id='word_1_136' title='bbox 841 1649 957 1734; x_wconf 89' lang='lat' dir='ltr'>aliquis</span> <span class='ocrx_word' id='word_1_137' title='bbox 987 1649 1086 1714; x_wconf 93' lang='lat' dir='ltr'>dolor.</span> 
     </span>
     <span class='ocr_line' id='line_1_18' title="bbox 86 1737 1087 1823; baseline -0.005 -17.959"><span class='ocrx_word' id='word_1_138' title='bbox 86 1737 157 1807; x_wconf 82' lang='lat' dir='ltr'>‘Nos</span> <span class='ocrx_word' id='word_1_139' title='bbox 190 1738 321 1823; x_wconf 90' lang='lat' dir='ltr'>quidem</span> <span class='ocrx_word' id='word_1_140' title='bbox 349 1738 460 1803; x_wconf 88' lang='lat' dir='ltr'>Virtut</span> <span class='ocrx_word' id='word_1_141' title='bbox 446 1742 496 1804; x_wconf 88' lang='lat' dir='ltr'>tes</span> <span class='ocrx_word' id='word_1_142' title='bbox 524 1740 570 1805; x_wconf 90' lang='lat' dir='ltr'>sic</span> <span class='ocrx_word' id='word_1_143' title='bbox 596 1742 693 1804; x_wconf 91' lang='lat' dir='ltr'>natae</span> <span class='ocrx_word' id='word_1_144' title='bbox 720 1760 842 1821; x_wconf 87' lang='lat' dir='ltr'>sumus,</span> <span class='ocrx_word' id='word_1_145' title='bbox 870 1743 907 1801; x_wconf 92' lang='lat' dir='ltr'>ut</span> <span class='ocrx_word' id='word_1_146' title='bbox 933 1738 994 1802; x_wconf 87' lang='lat' dir='ltr'>tibi</span> <span class='ocrx_word' id='word_1_147' title='bbox 1025 1760 1087 1802; x_wconf 88' lang='lat' dir='ltr'>ser·</span> 
     </span>
     <span class='ocr_line' id='line_1_19' title="bbox 87 1826 1139 1938; baseline 0 -48"><span class='ocrx_word' id='word_1_148' title='bbox 87 1849 219 1893; x_wconf 84' lang='lat' dir='ltr'>uramus</span> <span class='ocrx_word' id='word_1_149' title='bbox 224 1877 234 1911; x_wconf 90' lang='lat'>,</span> <span class='ocrx_word' id='word_1_150' title='bbox 258 1827 344 1891; x_wconf 87' lang='lat' dir='ltr'>aliud</span> <span class='ocrx_word' id='word_1_151' title='bbox 367 1827 492 1912; x_wconf 84' lang='lat' dir='ltr'>negotii</span> <span class='ocrx_word' id='word_1_152' title='bbox 513 1827 595 1892; x_wconf 90' lang='lat' dir='ltr'>nihil</span> <span class='ocrx_word' id='word_1_153' title='bbox 617 1826 795 1892; x_wconf 64' lang='lat' dir='ltr'>habemus?</span> <span class='ocrx_word' id='word_1_154' title='bbox 1097 1875 1139 1938; x_wconf 65' lang='lat'>22</span> 
     </span>
    </p>

    <p class='ocr_par' dir='ltr' id='par_1_7' title="bbox 143 1913 1140 2017">
     <span class='ocr_line' id='line_1_20' title="bbox 143 1913 1140 2017; baseline 0 -37"><span class='ocrx_word' id='word_1_155' title='bbox 143 1915 191 1980; x_wconf 84' lang='grc' dir='ltr'>Αι</span> <span class='ocrx_word' id='word_1_156' title='bbox 211 1918 312 2000; x_wconf 87' lang='lat' dir='ltr'>negat</span> <span class='ocrx_word' id='word_1_157' title='bbox 332 1915 493 2017; x_wconf 82' lang='lat' dir='ltr'>Epicurus</span> <span class='ocrx_word' id='word_1_158' title='bbox 517 1914 592 2001; x_wconf 92' lang='lat' dir='ltr'>(hoc</span> <span class='ocrx_word' id='word_1_159' title='bbox 617 1916 701 1980; x_wconf 90' lang='lat' dir='ltr'>enim</span> <span class='ocrx_word' id='word_1_160' title='bbox 723 1919 866 1980; x_wconf 79' lang='lat' dir='ltr'>restrum</span> <span class='ocrx_word' id='word_1_161' title='bbox 892 1915 1074 1979; x_wconf 89' lang='lat' dir='ltr'>lument</span> <span class='ocrx_word' id='word_1_162' title='bbox 1025 1913 1087 2000; x_wconf 86' lang='lat' dir='ltr'>est)</span> <span class='ocrx_word' id='word_1_163' title='bbox 1106 1953 1140 2000; x_wconf 67' lang='lat'>70</span> 
     </span>
    </p>

    <p class='ocr_par' dir='ltr' id='par_1_8' title="bbox 59 2003 1087 2439">
     <span class='ocr_line' id='line_1_21' title="bbox 59 2003 1086 2089; baseline 0.002 -25"><span class='ocrx_word' id='word_1_164' title='bbox 59 2023 287 2089; x_wconf 85' lang='lat' dir='ltr'>uquemquam,</span> <span class='ocrx_word' id='word_1_165' title='bbox 326 2005 381 2088; x_wconf 90' lang='lat' dir='ltr'>qui</span> <span class='ocrx_word' id='word_1_166' title='bbox 412 2004 546 2070; x_wconf 88' lang='lat' dir='ltr'>honeste</span> <span class='ocrx_word' id='word_1_167' title='bbox 581 2026 648 2069; x_wconf 88' lang='lat' dir='ltr'>non</span> <span class='ocrx_word' id='word_1_168' title='bbox 683 2005 802 2086; x_wconf 83' lang='lat' dir='ltr'>vivat,</span> <span class='ocrx_word' id='word_1_169' title='bbox 819 2003 954 2068; x_wconf 90' lang='lat' dir='ltr'>iucunde</span> <span class='ocrx_word' id='word_1_170' title='bbox 991 2025 1086 2087; x_wconf 93' lang='lat' dir='ltr'>posse</span> 
     </span>
     <span class='ocr_line' id='line_1_22' title="bbox 86 2054 1087 2178; baseline -0.003 -20"><span class='ocrx_word' id='word_1_171' title='bbox 86 2093 194 2158; x_wconf 79' lang='lat' dir='ltr'>vivere</span> <span class='ocrx_word' id='word_1_172' title='bbox 238 2090 336 2167; x_wconf 85' lang='lat' dir='ltr'>Quasi</span> <span class='ocrx_word' id='word_1_173' title='bbox 360 2113 419 2177; x_wconf 92' lang='lat' dir='ltr'>ego</span> <span class='ocrx_word' id='word_1_174' title='bbox 442 2092 476 2156; x_wconf 94' lang='lat' dir='ltr'>id</span> <span class='ocrx_word' id='word_1_175' title='bbox 499 2114 620 2174; x_wconf 90' lang='lat' dir='ltr'>aurem,</span> <span class='ocrx_word' id='word_1_176' title='bbox 643 2092 719 2178; x_wconf 91' lang='lat' dir='ltr'>quid</span> <span class='ocrx_word' id='word_1_177' title='bbox 741 2054 797 2156; x_wconf 85' lang='lat' dir='ltr'>ille</span> <span class='ocrx_word' id='word_1_178' title='bbox 816 2092 883 2156; x_wconf 90' lang='lat' dir='ltr'>aiat</span> <span class='ocrx_word' id='word_1_179' title='bbox 904 2096 961 2157; x_wconf 90' lang='lat' dir='ltr'>aut</span> <span class='ocrx_word' id='word_1_180' title='bbox 982 2096 1087 2176; x_wconf 86' lang='lat' dir='ltr'>neget.</span> 
     </span>
     <span class='ocr_line' id='line_1_23' title="bbox 86 2177 1087 2265; baseline 0 -21"><span class='ocrx_word' id='word_1_181' title='bbox 86 2177 162 2245; x_wconf 92' lang='lat' dir='ltr'>Illud</span> <span class='ocrx_word' id='word_1_182' title='bbox 199 2201 333 2265; x_wconf 84' lang='lat' dir='ltr'>quaere,</span> <span class='ocrx_word' id='word_1_183' title='bbox 370 2181 445 2264; x_wconf 91' lang='lat' dir='ltr'>quid</span> <span class='ocrx_word' id='word_1_184' title='bbox 481 2181 523 2264; x_wconf 91' lang='lat' dir='ltr'>ei,</span> <span class='ocrx_word' id='word_1_185' title='bbox 561 2182 615 2264; x_wconf 90' lang='lat' dir='ltr'>qui</span> <span class='ocrx_word' id='word_1_186' title='bbox 652 2181 685 2245; x_wconf 92' lang='lat' dir='ltr'>in</span> <span class='ocrx_word' id='word_1_187' title='bbox 721 2181 854 2263; x_wconf 83' lang='lat' dir='ltr'>volupia</span> <span class='ocrx_word' id='word_1_188' title='bbox 855 2184 888 2245; x_wconf 89' lang='lat' dir='ltr'>te</span> <span class='ocrx_word' id='word_1_189' title='bbox 925 2203 1087 2246; x_wconf 88' lang='lat' dir='ltr'>summum</span> 
     </span>
     <span class='ocr_line' id='line_1_24' title="bbox 85 2231 1088 2353; baseline -0.001 -21"><span class='ocrx_word' id='word_1_190' title='bbox 85 2267 200 2334; x_wconf 87' lang='lat' dir='ltr'>bonum</span> <span class='ocrx_word' id='word_1_191' title='bbox 223 2272 336 2353; x_wconf 88' lang='lat' dir='ltr'>ponat,</span> <span class='ocrx_word' id='word_1_192' title='bbox 366 2231 616 2334; x_wconf 69' lang='lat' dir='ltr'>eonsenrdneum</span> <span class='ocrx_word' id='word_1_193' title='bbox 639 2269 682 2334; x_wconf 92' lang='lat' dir='ltr'>sit</span> <span class='ocrx_word' id='word_1_194' title='bbox 668 2269 822 2334; x_wconf 88' lang='lat' dir='ltr'>tdicere</span> <span class='ocrx_word' id='word_1_195' title='bbox 868 2267 952 2343; x_wconf 78' lang='lat' dir='ltr'>Quid</span> <span class='ocrx_word' id='word_1_196' title='bbox 984 2269 1088 2350; x_wconf 89' lang='lat' dir='ltr'>affers,</span> 
     </span>
     <span class='ocr_line' id='line_1_25' title="bbox 86 2355 1087 2439; baseline -0.002 -17"><span class='ocrx_word' id='word_1_197' title='bbox 86 2379 135 2422; x_wconf 89' lang='lat' dir='ltr'>cur</span> <span class='ocrx_word' id='word_1_198' title='bbox 165 2357 320 2439; x_wconf 81' lang='lat' dir='ltr'>Thorius,</span> <span class='ocrx_word' id='word_1_199' title='bbox 352 2378 408 2422; x_wconf 89' lang='lat' dir='ltr'>cur</span> <span class='ocrx_word' id='word_1_200' title='bbox 439 2359 460 2437; x_wconf 83' lang='lat'>†</span> <span class='ocrx_word' id='word_1_201' title='bbox 494 2355 594 2422; x_wconf 80' lang='lat' dir='ltr'>Chius</span> <span class='ocrx_word' id='word_1_202' title='bbox 625 2356 825 2438; x_wconf 91' lang='lat' dir='ltr'>Postumius,</span> <span class='ocrx_word' id='word_1_203' title='bbox 857 2377 913 2420; x_wconf 88' lang='lat' dir='ltr'>aur</span> <span class='ocrx_word' id='word_1_204' title='bbox 944 2357 1087 2420; x_wconf 91' lang='lat' dir='ltr'>omnium</span> 
     </span>
    </p>

    <p class='ocr_par' dir='ltr' id='par_1_9' title="bbox 55 2443 1088 2881">
     <span class='ocr_line' id='line_1_26' title="bbox 55 2443 1085 2529; baseline 0 -23"><span class='ocrx_word' id='word_1_205' title='bbox 55 2443 196 2512; x_wconf 77' lang='lat' dir='ltr'>chorum</span> <span class='ocrx_word' id='word_1_206' title='bbox 228 2446 398 2528; x_wconf 85' lang='lat' dir='ltr'>magister,</span> <span class='ocrx_word' id='word_1_207' title='bbox 437 2444 550 2529; x_wconf 90' lang='lat' dir='ltr'>Orata,</span> <span class='ocrx_word' id='word_1_208' title='bbox 586 2467 652 2510; x_wconf 90' lang='lat' dir='ltr'>non</span> <span class='ocrx_word' id='word_1_209' title='bbox 683 2443 911 2509; x_wconf 89' lang='lat' dir='ltr'>iucundissime</span> <span class='ocrx_word' id='word_1_210' title='bbox 947 2443 1085 2507; x_wconf 82' lang='lat' dir='ltr'>vixerit?</span> 
     </span>
     <span class='ocr_line' id='line_1_27' title="bbox 84 2531 1086 2618; baseline 0 -22"><span class='ocrx_word' id='word_1_211' title='bbox 84 2531 155 2618; x_wconf 88' lang='lat' dir='ltr'>Ipse</span> <span class='ocrx_word' id='word_1_212' title='bbox 177 2535 290 2618; x_wconf 87' lang='lat' dir='ltr'>negat,</span> <span class='ocrx_word' id='word_1_213' title='bbox 313 2537 350 2597; x_wconf 90' lang='lat' dir='ltr'>ut</span> <span class='ocrx_word' id='word_1_214' title='bbox 373 2536 447 2597; x_wconf 92' lang='lat' dir='ltr'>ante</span> <span class='ocrx_word' id='word_1_215' title='bbox 470 2534 550 2616; x_wconf 86' lang='lat' dir='ltr'>dixi,</span> <span class='ocrx_word' id='word_1_216' title='bbox 574 2533 813 2598; x_wconf 84' lang='lat' dir='ltr'>luxuriosorum</span> <span class='ocrx_word' id='word_1_217' title='bbox 835 2531 937 2597; x_wconf 81' lang='lat' dir='ltr'>vitam</span> <span class='ocrx_word' id='word_1_218' title='bbox 959 2553 1086 2614; x_wconf 87' lang='lat' dir='ltr'>repren-</span> 
     </span>
     <span class='ocr_line' id='line_1_28' title="bbox 84 2619 1088 2705; baseline -0.004 -18"><span class='ocrx_word' id='word_1_219' title='bbox 84 2621 231 2703; x_wconf 89' lang='lat' dir='ltr'>dendam,</span> <span class='ocrx_word' id='word_1_220' title='bbox 254 2621 318 2685; x_wconf 88' lang='lat' dir='ltr'>nisi</span> <span class='ocrx_word' id='word_1_221' title='bbox 340 2621 437 2705; x_wconf 89' lang='lat' dir='ltr'>plane</span> <span class='ocrx_word' id='word_1_222' title='bbox 460 2622 542 2686; x_wconf 84' lang='lat' dir='ltr'>fatui</span> <span class='ocrx_word' id='word_1_223' title='bbox 565 2622 642 2703; x_wconf 91' lang='lat' dir='ltr'>sint,</span> <span class='ocrx_word' id='word_1_224' title='bbox 665 2622 698 2685; x_wconf 93' lang='lat' dir='ltr'>id</span> <span class='ocrx_word' id='word_1_225' title='bbox 721 2624 770 2685; x_wconf 86' lang='lat' dir='ltr'>est</span> <span class='ocrx_word' id='word_1_226' title='bbox 792 2620 856 2684; x_wconf 90' lang='lat' dir='ltr'>nisi</span> <span class='ocrx_word' id='word_1_227' title='bbox 877 2622 933 2683; x_wconf 87' lang='lat' dir='ltr'>aut</span> <span class='ocrx_word' id='word_1_228' title='bbox 956 2619 1088 2702; x_wconf 88' lang='lat' dir='ltr'>cupiant</span> 
     </span>
     <span class='ocr_line' id='line_1_29' title="bbox 84 2707 1087 2786; baseline -0.002 -13"><span class='ocrx_word' id='word_1_229' title='bbox 84 2714 136 2776; x_wconf 89' lang='lat' dir='ltr'>ant</span> <span class='ocrx_word' id='word_1_230' title='bbox 153 2712 310 2774; x_wconf 88' lang='lat' dir='ltr'>metuant.</span> <span class='ocrx_word' id='word_1_231' title='bbox 338 2709 480 2786; x_wconf 87' lang='lat' dir='ltr'>Quarum</span> <span class='ocrx_word' id='word_1_232' title='bbox 500 2710 668 2775; x_wconf 88' lang='lat' dir='ltr'>ambarum</span> <span class='ocrx_word' id='word_1_233' title='bbox 682 2731 789 2773; x_wconf 89' lang='lat' dir='ltr'>rerum</span> <span class='ocrx_word' id='word_1_234' title='bbox 808 2730 879 2773; x_wconf 89' lang='lat' dir='ltr'>cum</span> <span class='ocrx_word' id='word_1_235' title='bbox 896 2707 1087 2772; x_wconf 88' lang='lat' dir='ltr'>medicinam</span> 
     </span>
     <span class='ocr_line' id='line_1_30' title="bbox 83 2795 1087 2881; baseline -0.002 -17"><span class='ocrx_word' id='word_1_236' title='bbox 83 2798 266 2881; x_wconf 87' lang='lat' dir='ltr'>pollicetur,</span> <span class='ocrx_word' id='word_1_237' title='bbox 298 2797 442 2862; x_wconf 83' lang='lat' dir='ltr'>luxuriae</span> <span class='ocrx_word' id='word_1_238' title='bbox 473 2798 641 2863; x_wconf 88' lang='lat' dir='ltr'>licentiam</span> <span class='ocrx_word' id='word_1_239' title='bbox 675 2797 854 2881; x_wconf 84' lang='lat' dir='ltr'>pollicetur.</span> <span class='ocrx_word' id='word_1_240' title='bbox 908 2795 969 2860; x_wconf 91' lang='lat' dir='ltr'>His</span> <span class='ocrx_word' id='word_1_241' title='bbox 1002 2797 1087 2862; x_wconf 90' lang='lat' dir='ltr'>enim</span> 
     </span>
    </p>

    <p class='ocr_par' dir='ltr' id='par_1_10' title="bbox 53 2885 1139 3322">
     <span class='ocr_line' id='line_1_31' title="bbox 53 2885 1088 2969; baseline 0.004 -23"><span class='ocrx_word' id='word_1_242' title='bbox 53 2887 176 2952; x_wconf 71' lang='lat' dir='ltr'>erebus</span> <span class='ocrx_word' id='word_1_243' title='bbox 207 2886 362 2950; x_wconf 89' lang='lat' dir='ltr'>detractis</span> <span class='ocrx_word' id='word_1_244' title='bbox 392 2891 492 2969; x_wconf 89' lang='lat' dir='ltr'>negat</span> <span class='ocrx_word' id='word_1_245' title='bbox 518 2907 552 2950; x_wconf 92' lang='lat' dir='ltr'>se</span> <span class='ocrx_word' id='word_1_246' title='bbox 579 2887 719 2969; x_wconf 90' lang='lat' dir='ltr'>reperire</span> <span class='ocrx_word' id='word_1_247' title='bbox 751 2885 786 2949; x_wconf 92' lang='lat' dir='ltr'>in</span> <span class='ocrx_word' id='word_1_248' title='bbox 818 2888 982 2951; x_wconf 88' lang='lat' dir='ltr'>asotorum</span> <span class='ocrx_word' id='word_1_249' title='bbox 1011 2887 1088 2968; x_wconf 85' lang='lat' dir='ltr'>vita,</span> 
     </span>
     <span class='ocr_line' id='line_1_32' title="bbox 84 2973 1139 3058; baseline -0.007 -17"><span class='ocrx_word' id='word_1_250' title='bbox 84 2975 166 3058; x_wconf 88' lang='lat' dir='ltr'>quod</span> <span class='ocrx_word' id='word_1_251' title='bbox 188 2974 370 3058; x_wconf 80' lang='lat' dir='ltr'>reprendet.</span> <span class='ocrx_word' id='word_1_252' title='bbox 410 2973 487 3040; x_wconf 90' lang='lat' dir='ltr'>Non</span> <span class='ocrx_word' id='word_1_253' title='bbox 508 2974 609 3058; x_wconf 86' lang='lat' dir='ltr'>igitur</span> <span class='ocrx_word' id='word_1_254' title='bbox 631 2974 768 3057; x_wconf 86' lang='lat' dir='ltr'>potestis</span> <span class='ocrx_word' id='word_1_255' title='bbox 790 2974 956 3057; x_wconf 76' lang='lat' dir='ltr'>voluptate</span> <span class='ocrx_word' id='word_1_256' title='bbox 979 2975 1088 3039; x_wconf 88' lang='lat' dir='ltr'>omnia</span> <span class='ocrx_word' id='word_1_257' title='bbox 1106 2985 1139 3034; x_wconf 81' lang='grc'>71</span> 
     </span>
     <span class='ocr_line' id='line_1_33' title="bbox 84 3061 1088 3148; baseline -0.001 -21"><span class='ocrx_word' id='word_1_258' title='bbox 84 3061 263 3148; x_wconf 83' lang='lat' dir='ltr'>derigentes</span> <span class='ocrx_word' id='word_1_259' title='bbox 287 3067 345 3128; x_wconf 90' lang='lat' dir='ltr'>aut</span> <span class='ocrx_word' id='word_1_260' title='bbox 366 3063 451 3127; x_wconf 91' lang='lat' dir='ltr'>tueri</span> <span class='ocrx_word' id='word_1_261' title='bbox 474 3068 530 3126; x_wconf 85' lang='lat' dir='ltr'>aut</span> <span class='ocrx_word' id='word_1_262' title='bbox 551 3063 688 3127; x_wconf 85' lang='lat' dir='ltr'>retinere</span> <span class='ocrx_word' id='word_1_263' title='bbox 711 3062 873 3127; x_wconf 86' lang='lat' dir='ltr'>virtutem.</span> <span class='ocrx_word' id='word_1_264' title='bbox 923 3061 1008 3128; x_wconf 90' lang='lat' dir='ltr'>Nam</span> <span class='ocrx_word' id='word_1_265' title='bbox 1029 3084 1088 3127; x_wconf 88' lang='lat' dir='ltr'>nec</span> 
     </span>
     <span class='ocr_line' id='line_1_34' title="bbox 83 3150 1086 3234; baseline -0.001 -19"><span class='ocrx_word' id='word_1_266' title='bbox 83 3150 248 3216; x_wconf 80' lang='lat' dir='ltr'>virbonus</span> <span class='ocrx_word' id='word_1_267' title='bbox 263 3171 301 3215; x_wconf 90' lang='lat' dir='ltr'>ac</span> <span class='ocrx_word' id='word_1_268' title='bbox 318 3151 422 3216; x_wconf 90' lang='lat' dir='ltr'>iustus</span> <span class='ocrx_word' id='word_1_269' title='bbox 436 3150 549 3215; x_wconf 89' lang='lat' dir='ltr'>haberi</span> <span class='ocrx_word' id='word_1_270' title='bbox 565 3150 669 3234; x_wconf 88' lang='lat' dir='ltr'>debet,</span> <span class='ocrx_word' id='word_1_271' title='bbox 688 3151 751 3234; x_wconf 92' lang='lat' dir='ltr'>qui,</span> <span class='ocrx_word' id='word_1_272' title='bbox 769 3172 810 3215; x_wconf 91' lang='lat' dir='ltr'>ne</span> <span class='ocrx_word' id='word_1_273' title='bbox 824 3152 944 3216; x_wconf 85' lang='lat' dir='ltr'>malum</span> <span class='ocrx_word' id='word_1_274' title='bbox 957 3151 1086 3233; x_wconf 90' lang='lat' dir='ltr'>habeat,</span> 
     </span>
     <span class='ocr_line' id='line_1_35' title="bbox 86 3238 894 3322; baseline 0.001 -20"><span class='ocrx_word' id='word_1_275' title='bbox 86 3238 223 3304; x_wconf 86' lang='lat' dir='ltr'>abstinet</span> <span class='ocrx_word' id='word_1_276' title='bbox 245 3260 280 3303; x_wconf 91' lang='lat' dir='ltr'>se</span> <span class='ocrx_word' id='word_1_277' title='bbox 303 3239 345 3303; x_wconf 90' lang='lat' dir='ltr'>ab</span> <span class='ocrx_word' id='word_1_278' title='bbox 367 3239 494 3304; x_wconf 86' lang='lat' dir='ltr'>iniuria.</span> <span class='ocrx_word' id='word_1_279' title='bbox 539 3238 649 3322; x_wconf 88' lang='lat' dir='ltr'>Nosti,</span> <span class='ocrx_word' id='word_1_280' title='bbox 672 3239 780 3320; x_wconf 89' lang='lat' dir='ltr'>credo,</span> <span class='ocrx_word' id='word_1_281' title='bbox 803 3239 894 3303; x_wconf 89' lang='lat' dir='ltr'>illud:</span> 
     </span>
    </p>
   </div>
   <div class='ocr_carea' id='block_1_3' title="bbox 56 3370 871 3456">
    <p class='ocr_par' dir='ltr' id='par_1_11' title="bbox 56 3370 871 3456">
     <span class='ocr_line' id='line_1_36' title="bbox 56 3370 871 3456; baseline 0.012 -28"><span class='ocrx_word' id='word_1_282' title='bbox 56 3384 78 3428; x_wconf 81' lang='lat' dir='ltr'>a</span> <span class='ocrx_word' id='word_1_283' title='bbox 167 3370 286 3437; x_wconf 75' lang='lat' dir='ltr'>Nemo</span> <span class='ocrx_word' id='word_1_284' title='bbox 309 3371 397 3454; x_wconf 90' lang='lat' dir='ltr'>pius</span> <span class='ocrx_word' id='word_1_285' title='bbox 420 3374 492 3455; x_wconf 89' lang='lat' dir='ltr'>est,</span> <span class='ocrx_word' id='word_1_286' title='bbox 519 3370 584 3456; x_wconf 85' lang='lat' dir='ltr'>qui</span> <span class='ocrx_word' id='word_1_287' title='bbox 604 3372 791 3455; x_wconf 88' lang='lat' dir='ltr'>pietatem</span> <span class='ocrx_word' id='word_1_288' title='bbox 816 3394 871 3453; x_wconf 71' lang='grc' dir='ltr'>-ς</span> 
     </span>
    </p>
   </div>
   <div class='ocr_carea' id='block_1_4' title="bbox 87 3499 1088 3588">
    <p class='ocr_par' dir='ltr' id='par_1_12' title="bbox 87 3499 1088 3588">
     <span class='ocr_line' id='line_1_37' title="bbox 87 3499 1088 3588; baseline -0.001 -21"><span class='ocrx_word' id='word_1_289' title='bbox 87 3519 157 3567; x_wconf 80' lang='lat' dir='ltr'>care</span> <span class='ocrx_word' id='word_1_290' title='bbox 186 3506 283 3588; x_wconf 89' lang='lat' dir='ltr'>putes</span> <span class='ocrx_word' id='word_1_291' title='bbox 315 3504 486 3588; x_wconf 87' lang='lat' dir='ltr'>quiequam</span> <span class='ocrx_word' id='word_1_292' title='bbox 518 3525 588 3568; x_wconf 78' lang='lat' dir='ltr'>esre</span> <span class='ocrx_word' id='word_1_293' title='bbox 620 3503 736 3568; x_wconf 87' lang='lat' dir='ltr'>verius.</span> <span class='ocrx_word' id='word_1_294' title='bbox 789 3501 858 3567; x_wconf 84' lang='lat' dir='ltr'>Nec</span> <span class='ocrx_word' id='word_1_295' title='bbox 885 3500 986 3585; x_wconf 88' lang='lat' dir='ltr'>enim,</span> <span class='ocrx_word' id='word_1_296' title='bbox 1012 3499 1088 3567; x_wconf 87' lang='lat' dir='ltr'>dum</span> 
     </span>
    </p>
   </div>
   <div class='ocr_carea' id='block_1_5' title="bbox 0 0 1185 3870">
    <p class='ocr_par' dir='ltr' id='par_1_13' title="bbox 0 0 1185 3870">
     <span class='ocr_line' id='line_1_38' title="bbox 0 0 1185 3870; baseline 0 0"><span class='ocrx_word' id='word_1_297' title='bbox 0 0 1185 3870; x_wconf 95' lang='lat' dir='ltr'> </span> 
     </span>
    </p>
   </div>
   <div class='ocr_carea' id='block_1_6' title="bbox 40 3642 48 3787">
    <p class='ocr_par' dir='ltr' id='par_1_14' title="bbox 40 3642 48 3787">
     <span class='ocr_line' id='line_1_39' title="bbox 40 3642 48 3787; baseline 0 0"><span class='ocrx_word' id='word_1_298' title='bbox 40 3642 48 3787; x_wconf 86' lang='lat' dir='ltr'>l</span> 
     </span>
    </p>
   </div>
  </div>
 </body>
</html>
