2346 3876
107 126 175 218 178'
268 155 316 208 or
336 154 480 210 ricinus
497 154 677 236 aouoauu
695 155 744 208 ar
762 126 947 210 marcaon

57 329 87 378 18
106 317 250 389 intersit,
273 317 301 381 si
323 317 400 399 quid
421 316 545 381 ratione
567 336 626 399 per
648 336 683 378 se
704 315 770 399 ipsi
791 315 984 400 invenerint
1017 314 1093 379 Artis

107 404 205 468 etiam
237 405 326 489 ipsas
358 407 491 487 propter
527 423 561 467 se
595 403 803 468 assumendas
835 407 1002 487 putamus,
1036 424 1093 468 cun

106 493 181 575 quia
203 493 246 556 sit
268 493 302 556 in
324 493 365 555 iis
385 491 508 575 aliquid
526 491 659 575 dignum
677 492 914 575 assumptione,
935 495 1005 555 turn
1025 489 1094 575 quod

106 583 254 644 constent
281 601 320 644 ex
347 578 586 663 cognitionibus
614 581 647 642 et
673 579 861 643 contineant
893 579 1042 662 quiddam
1068 579 1093 641 in

106 688 139 732 se
170 668 297 732 ratione
328 667 540 731 constitutum
572 668 604 729 et
635 665 696 730 via
749 667 780 731 A
806 667 891 731 falsa
922 671 1030 731 autem
1055 687 1110 729 aaa

106 757 253 820 censione
284 755 389 838 magis
419 776 478 820 nos
510 753 667 818 alienatos
698 776 768 818 esso
804 776 903 838 quam
939 777 960 818 a
995 754 1093 819 ceteris

105 845 213 925 rebus,
240 865 320 926 quae
349 843 415 906 sint
444 846 556 906 contra
582 845 747 926 naturam,
779 842 989 907 arbitrantur.
1038 841 1093 905 lam

105 932 334 1013 membrorum,
365 929 399 993 id
431 932 480 993 est
505 929 647 1012 partium
677 930 834 1014 corporiS,
867 930 932 994 alia
963 929 1094 994 videntur

105 1022 236 1101 propter
258 1039 369 1083 eorum
387 1039 481 1081 usum
503 1039 523 1081 a
545 1020 663 1081 natura
680 1039 751 1081 esse
774 1016 909 1098 donata,
931 1021 969 1082 ut
986 1036 1094 1097 manus,

105 1128 210 1187 crura,
242 1105 353 1188 pedes,
389 1108 426 1169 ut
457 1126 508 1188 aa,
547 1126 629 1188 quae
662 1110 738 1169 sunt
773 1105 861 1170 intus
897 1105 933 1170 in
968 1123 1130 1188 corporea

104 1215 239 1277 quorum
256 1193 381 1257 utilitas
401 1197 521 1277 quanta
539 1193 592 1276 sit,
611 1214 631 1257 a
649 1193 783 1257 medicis
801 1194 899 1258 etiam
917 1193 1094 1276 disputatio,

105 1282 170 1344 alia
197 1284 305 1344 autem
331 1280 455 1344 nullam
482 1280 523 1345 ob
551 1280 726 1344 utilitatem
753 1281 846 1365 quasi
878 1281 919 1346 ad
951 1280 1095 1365 quendam

104 1372 268 1451 ornatum,
285 1371 323 1434 ut
341 1368 442 1431 cauda
459 1369 593 1451 pavoni,
614 1370 743 1451 plumae
761 1369 972 1434 versicolores
991 1369 1094 1434 colum·

52 1470 84 1518 19
104 1456 169 1540 bis,
191 1457 270 1520 viris
293 1476 452 1520 mammae
475 1459 571 1540 atque
593 1456 705 1521 barba.
753 1455 844 1521 Haec
871 1457 1023 1522 dicuntur
1043 1455 1095 1519 lor·

103 1548 190 1608 tasse
220 1545 370 1627 ieiunius3
398 1547 474 1608 sunt
501 1543 587 1608 enim
614 1544 707 1628 quasi
732 1545 838 1627 prima
866 1544 1026 1609 clementa
1049 1556 1132 1607 rra-rs

96 1638 208 1727 (turae,
236 1632 352 1716 quibus
382 1632 512 1695 ubertas
541 1631 698 1697 orationis
727 1632 874 1696 adhiberi
906 1633 960 1697 vix
990 1632 1095 1715 potest,

103 1742 176 1872 {a
190 1719 976 1891 altitultiltlctttl?,silit
996 1724 1096 1872 tlt

102 1896 242 1979 rapiunt.
292 1894 343 1959 lta
369 1895 407 1958 fit
430 1915 501 1958 cum
523 1894 667 1978 gravior,
692 1898 762 1959 tum
786 1896 885 1959 etiam
908 1894 1095 1978 splendidior

103 1984 216 2049 oratio.
269 1983 344 2064 Est,
375 1985 412 2046 ut
443 1981 536 2059 dicis,
568 1981 709 2066 inquam.
763 1980 825 2047 Sed
861 1986 973 2047 tamen
1003 1996 1133 2060 omnen

103 2071 188 2154 quod
210 2070 249 2134 de
271 2092 305 2134 re
328 2070 414 2134 bona
437 2068 573 2134 dilucide
597 2069 726 2149 dicitur,
754 2070 835 2134 mihi
857 2071 1022 2153 praeclara
1044 2066 1097 2133 dici

103 2157 237 2222 videtur.
287 2157 385 2222 Istius
412 2157 500 2222 modi
528 2160 635 2222 autem
658 2180 709 2222 res
742 2158 846 2222 dicere
878 2161 994 2223 ornato
1025 2155 1097 2222 velle

102 2245 225 2330 puerile
252 2249 316 2328 cst,
341 2245 438 2328 plane
461 2249 570 2309 auteur
592 2248 626 2309 et
651 2247 817 2329 perspicue
841 2246 990 2329 expedire
1013 2262 1097 2331 possa

103 2333 189 2398 docti
211 2337 245 2398 et
266 2333 485 2418 intellegentis
509 2334 577 2397 viri.

50 2391 84 2518 260
168 2421 415 2504 Progrediamur
432 2421 547 2505 igitur,
565 2421 730 2505 quoniam,
747 2421 867 2506 inquit,
891 2423 932 2486 ab
950 2422 1002 2486 his
1021 2422 1135 2507 prin-s

104 2510 194 2594 cipiis
222 2514 356 2574 naturae
383 2507 603 2593 discessimus,
628 2509 744 2593 quibus
772 2530 948 2594 congruere
966 2509 1099 2589 debent,

103 2619 185 2682 quae
208 2600 394 2681 sequuntur.
440 2594 591 2681 Sequitur
613 2601 722 2660 autem
744 2597 825 2662 haec
847 2597 953 2681 prima
975 2597 1098 2663 divisio:

102 2684 316 2749 Aestimabile
335 2705 404 2748 esse
423 2684 533 2748 dicunt
555 2684 616 2768 (sic
634 2685 732 2766 enim,
755 2690 792 2749 ut
815 2685 943 2769 opinor,
966 2685 1099 2770 appello·

103 2772 187 2856 mus)
216 2773 264 2855 id,
290 2771 376 2856 quod
404 2776 460 2835 aut
485 2772 592 2855 ipsum
615 2772 787 2836 secundum
808 2776 958 2838 naturam
985 2773 1100 2839 citant

102 2860 169 2924 talc
197 2860 272 2944 quid
296 2860 427 2941 efficiat,
449 2863 487 2925 ut
510 2859 681 2923 selectione
704 2859 838 2944 dignum
860 2866 1034 2945 propterca
1055 2861 1135 2941 citra

103 2947 189 3032 quod
220 2946 349 3030 aliquod
386 2946 511 3029 pondus
547 2946 667 3011 habeat
703 2947 836 3032 dignum
873 2949 1102 3028 aestimatione,

103 3056 198 3119 quam
217 3034 267 3098 illi
288 3027 384 3110 ἀξίαν
401 3039 533 3117 vocant,
556 3038 730 3119 contraque
748 3036 1000 3120 inaestimabile,
1023 3035 1100 3122 quod

103 3123 147 3186 sit
169 3122 327 3204 superiori
351 3117 559 3188 contrarium.⁸
592 3122 700 3186 Initiis
723 3123 824 3207 igitur
843 3124 891 3188 ita
910 3124 1102 3205 constitutis,

102 3214 139 3274 ut
162 3231 213 3293 ea,
236 3231 317 3293 quae
340 3208 513 3274 secundum
534 3212 685 3273 naturam
708 3214 796 3294 sunt,
822 3211 895 3295 ipsa
916 3216 1102 3296 propterca

102 3297 256 3362 sumenda
288 3298 366 3379 sint,
395 3297 618 3379 contrariaque
650 3297 729 3361 item
759 3298 933 3381 reicienda,
965 3301 1135 3384 primamne

102 3388 152 3450 cst
179 3385 323 3451 officium
350 3382 399 3469 (id
427 3383 512 3447 enim
539 3384 668 3467 appello
694 3384 875 3470 καθῆκον),
902 3390 940 3450 ut
966 3409 1002 3452 se
1033 3410 1102 3454 con·

98 3477 208 3538 servet
231 3474 266 3538 in
287 3475 422 3536 naturae
445 3474 545 3556 statu,
572 3472 721 3556 deinceps
749 3476 787 3536 ut
809 3494 847 3537 ea
873 3478 998 3559 teneat,
1026 3495 1103 3560 quae
