2346 3876
350 159 471 214 LIBUV
500 158 577 213 CAP.
597 164 683 213 3-5.
710 165 798 225 §9-
808 168 850 215 13.
1037 161 1103 225 429

91 322 129 386 in
162 321 250 385 omni
288 321 519 403 disputatione,
557 321 632 404 quid
668 325 754 385 esset
791 322 992 387 simillimum
1027 325 1103 407 veri,

93 430 330 510 quaereremus
366 407 468 483 Quem
486 428 610 472 morem
628 429 701 471 eum
716 405 897 474 Carneades
917 411 1103 476 acutissime

93 495 382 596 copiosissimeque
409 496 581 579 tenuisset,
610 495 745 560 fecimus
774 500 807 561 et
836 497 918 561 alias
946 520 1042 581 saepe
1071 503 1104 562 et

44 603 49 611 ·
92 605 197 667 nuper
219 584 254 646 in
276 584 471 664 Tusculum,
493 587 531 647 ut
554 546 594 647 ad
618 605 690 647 eam
710 588 844 648 consuet
830 585 973 648 tudinem
996 586 1103 669 dispu-

64 675 247 738 staremus.
282 671 327 735 llt
349 670 516 755 quadridui
539 670 667 772 quidem
686 693 866 736 sermonem
884 673 1103 756 superioribus

93 760 136 824 ad
162 762 197 822 te
223 759 437 842 perscriptum
464 758 555 822 libris
583 758 743 842 misimus,
772 760 884 860 quinto
913 764 1020 825 autem
1051 761 1103 825 die

93 868 168 911 cum
187 847 331 911 eodem
321 847 444 911 1nlooo
464 846 732 929 consedissemus,
756 849 802 912 sic
822 850 872 963 est
891 849 1104 933 propositum,

93 935 133 999 de
156 956 220 1018 quo
243 935 493 1018 disputaremus.
1130 995 1140 1032 μ

160 1023 201 1086 A.
234 1021 338 1087 Non
353 1021 447 1085 mihi
482 1021 636 1085 videtur
673 1022 717 1085 ad
754 994 864 1087 beate
900 1011 1138 1117 ιιιιιιιιιιιιι1

56 1110 194 1177 rosetis
217 1131 330 1193 posse
352 1111 545 1174 virtutem.

160 1203 206 1262 M
230 1198 276 1262 At
296 1198 426 1261 hercule
444 1196 545 1260 Bruto
568 1219 641 1262 meo
665 1198 751 1262 videt
737 1203 803 1281 tur,
826 1199 915 1263 cuius
939 1200 1103 1284 ego-iudi-

94 1286 193 1367 cium,
216 1308 295 1368 pace
317 1289 374 1350 tua
397 1285 544 1367 dixerim,
571 1285 669 1368 longe
692 1289 855 1369 antepono
878 1290 944 1351 tue.

161 1375 202 1438 A.
228 1373 304 1438 Non
322 1373 447 1454 dubito,
469 1393 528 1436 nec
546 1372 580 1434 id
597 1394 683 1436 nunc
701 1375 816 1457 agitur,
838 1377 875 1436 tu
892 1374 986 1438 illum
1004 1398 1104 1459 quau·

93 1465 164 1526 tum
188 1483 289 1543 ames,
312 1461 367 1524 sed
389 1460 464 1544 hoc,
487 1459 571 1542 quod
594 1459 676 1522 mihi
699 1460 765 1523 dixi
787 1460 903 1543 videri,
932 1463 1027 1546 quale
1050 1465 1102 1547 sit,

59 1574 82 1614 rs
95 1550 134 1614 de
157 1572 220 1632 quo
244 1551 318 1613 ate
342 1549 499 1631 disputari
521 1549 605 1611 volo

160 1643 205 1700 M.
232 1636 356 1718 Nempe
383 1657 483 1720 negas
511 1635 552 1698 ιιι
579 1635 673 1698 beate
701 1635 873 1700 vivendum
901 1637 979 1700 satis
1007 1660 1103 1720 posse
1129 1717 1132 1721 ι

94 1724 270 1790 virtutem?

160 1812 201 1876 A.
228 1811 362 1875 Prorsus
385 1831 477 1895 nego.

160 1905 206 1962 M.
229 1898 335 1974 Quid?
359 1899 400 1963 ad
417 1903 516 1981 recte,
533 1899 681 1982 honeste,
700 1899 921 1983 laudabiliter,
939 1906 1103 1984 postremo

59 2012 82 2052 ιι
95 1988 135 2052 ιιι
158 1988 240 2051 bene
262 1987 434 2051 vivendum
458 1986 579 2050 satisne
603 1991 652 2051 est
674 1987 827 2070 praesidii
850 1989 885 2052 in
908 1989 1049 2054 virtute?

161 2076 204 2138 A.
232 2071 327 2138 Certe
351 2075 439 2139 satis

160 2168 205 2226 M.
236 2162 299 2227 Pet
301 2185 335 2226 es
366 2162 469 2245 igit
502 2167 571 2246 aut,
602 2164 657 2245 qui
689 2164 773 2228 male
800 2165 901 2248 vivat,
932 2187 998 2230 non
1030 2189 1104 2232 cum

94 2251 249 2314 miserum
272 2249 376 2314 dicere
400 2253 469 2332 aut,
498 2271 594 2333 quem
621 2251 703 2313 bene
726 2251 775 2314 fat
761 2255 862 2334 t,eare
890 2275 962 2324 eum
984 2275 1103 2339 negare

94 2339 189 2402 beate
213 2338 344 2401 vivere?

59 2449 81 2489 u
161 2425 203 2490 A.
231 2424 349 2500 Quidni
371 2425 515 2507 possim?
537 2447 613 2488 uam
636 2425 734 2489 etiam
757 2427 793 2489 in
814 2428 984 2491 tormentis
1007 2434 1103 2513 recte,

94 2515 244 2594 honeste,
265 2511 523 2576 laudabiliter
491 2516 523 2576 e
541 2513 583 2576 ob
607 2534 679 2577 eam
701 2534 770 2576 rem
792 2512 874 2576 bene
897 2514 963 2577 vivi
985 2520 1104 2601 potest,

43 2608 48 2617 '
93 2602 171 2666 dum
194 2600 361 2665 modot
312 2622 345 2663 m
346 2599 496 2684 tellegas,
518 2599 594 2684 quid
617 2622 703 2665 nuno
726 2600 831 2665 dicam
854 2600 972 2664 bene?
1019 2602 1102 2668 Dico

93 2689 180 2754 enim
209 2691 408 2772 constanter,
435 2688 591 2771 graviter,
620 2689 793 2772 sapienter,
821 2687 915 2752 fortir
901 2691 959 2754 t.er
1013 2690 1140 2759 Haeol

93 2776 230 2842 etiam
221 2798 258 2839 ιιι
283 2777 426 2840 eculeum
454 2776 650 2860 coiciuntur,
677 2798 740 2860 quo
768 2776 836 2840 vita
862 2798 928 2841 non
959 2777 1104 2862 adspirat

52 2889 79 2931 ιο
93 2866 201 2929 beata.

160 2957 207 3015 M.
230 2951 313 3027 Quid
336 2951 458 3035 igitur?
488 2952 599 3015 solane
621 2952 718 3016 beata
739 2953 821 3036 vita,
849 2974 983 3037 quaeso,
1005 2955 1102 3019 relin-

93 3039 204 3124 quitur
221 3042 312 3102 extra
330 3040 450 3103 ostium
469 3040 628 3123 limenque
647 3040 796 3121 carceris,
820 3041 892 3105 cum
910 3043 1102 3126 constantia,

92 3127 254 3212 gravitas,
280 3126 450 3210 fortitudo,
479 3127 640 3210 sapientia
666 3127 871 3211 reliquaeque
893 3129 1031 3194 virtutes
1051 3153 1102 3195 ra·

91 3216 226 3300 piantur
253 3215 294 3278 ad
321 3218 478 3278 tortorem
504 3215 693 3297 nullumque
719 3220 868 3280 recusent
895 3238 954 3280 nec
980 3217 1103 3301 suppli·

21 3364 23 3368 ,
50 3329 77 3369 es
93 3303 180 3367 cium
202 3324 262 3367 nec
285 3302 448 3366 dolorem?

159 3391 201 3454 A.
229 3391 289 3472 Tu,
313 3390 341 3453 si
365 3390 442 3474 quid
461 3411 494 3453 es
516 3389 673 3473 facturus,
695 3413 781 3456 nova
803 3390 910 3474 aliqua
933 3393 1102 3476 conquiras

93 3481 237 3561 oportet,
259 3478 324 3541 ista
340 3498 391 3541 me
410 3478 542 3541 minime
561 3483 704 3562 movent,
726 3500 792 3543 non
810 3480 915 3543 solum
937 3480 1012 3561 quie
1029 3497 1102 3564 per·
