2346 3876
263 151 346 206 'arn
365 152 387 208 Ι.
415 151 491 208 chr.
511 158 616 207 9-11.
645 158 659 219 s
680 159 802 209 ra-aa.
976 154 1041 219 287

34 317 135 378 tatem
159 313 270 378 subter
292 313 494 396 praecordia,
518 314 647 379 locavit.
692 313 908 380 Dicaearchus
933 321 1040 381 autem
1060 330 1092 378 21

34 404 65 466 in
89 423 129 466 eo
153 423 312 483 sermone,
340 422 434 485 quem
462 400 611 467 Corinthi
638 403 788 467 habitum
817 403 922 467 tribus
946 405 1040 470 libris

34 489 179 574 exponit,
203 489 370 554 doctorum
389 489 558 554 hominum
577 490 812 575 disputantium
830 492 936 575 primo
956 492 1040 558 libro

34 579 157 642 multos
179 577 341 661 loquentis
368 577 463 661 iacit3
491 578 616 642 duobus
638 578 852 643 Pherecratcn
882 581 1040 662 quendam

34 665 223 730 Phthiotam
260 687 383 748 senem,
419 687 513 749 quern
555 666 602 730 ait
638 689 657 730 a
693 664 888 731 Deucalione
925 671 1040 750 ortum,

34 755 245 818 disserentem
276 753 400 817 inducit
435 753 517 818 nihil
555 775 625 818 esse
656 755 787 819 omnino
821 756 980 840 animum,
1009 760 1042 820 et

34 843 94 906 hoc
118 862 189 905 esse
211 863 330 906 nomen
352 842 495 906 totum
485 863 595 925 manc,
625 843 709 906 irust
695 847 808 944 traque
832 844 985 908 animalia
1009 848 1041 907 et

34 925 209 994 animantis
232 930 404 1012 appellari,
428 951 531 1012 neque
553 930 588 993 in
610 930 778 995 homine
768 952 873 996 messe
897 931 1039 996 animum

34 1019 82 1082 vel
107 1017 250 1101 animam
276 1018 393 1082 necin
420 1018 539 1100 bestia,
565 1018 694 1103 vimque
717 1040 845 1083 omnem
869 1042 954 1098 eam,
977 1041 1041 1104 qua

34 1106 83 1170 vel
107 1125 243 1189 agamus
267 1105 343 1188 quid
366 1106 417 1169 vel
444 1108 516 1170 sent
517 1107 635 1190 iamne,
661 1107 695 1170 in
719 1107 868 1172 omnibus
899 1109 1040 1191 corpori-

34 1195 92 1259 bus
121 1193 205 1258 vivis
233 1193 445 1276 aequabiliter
472 1214 543 1257 asse
564 1193 671 1258 fusam
698 1216 758 1259 nec
783 1196 997 1279 separabilem
1020 1219 1041 1261 a

34 1302 165 1365 corpore
188 1302 271 1364 csse,
294 1281 412 1365 quippe
435 1303 517 1365 quac
539 1282 629 1346 nulla
652 1283 696 1346 sit
717 1304 776 1347 nec
804 1285 848 1347 sit
870 1284 1040 1368 quicquam

34 1371 95 1434 nisi
117 1391 235 1452 corpus
257 1390 357 1433 unum
380 1372 413 1433 et
436 1369 585 1453 simplex,
612 1369 660 1434 ita
686 1371 874 1455 figuratum,
904 1375 940 1435 ut
962 1376 1040 1436 tem-

34 1458 202 1540 peratione
223 1460 359 1521 naturae
378 1458 487 1541 vigeat
507 1460 540 1521 ct
558 1458 685 1521 sentiat.
721 1457 925 1540 Aristoteles,
942 1460 1039 1542 longe
1058 1472 1097 1519 aa

35 1546 183 1610 omnibus
210 1541 395 1630 (Platonem
409 1594 411 1598 a
424 1566 549 1628 semper
577 1543 715 1630 excipio)
744 1551 914 1628 praestans
937 1551 971 1610 et
992 1549 1040 1611 in·

35 1635 127 1716 genio
161 1638 195 1696 ct
227 1632 411 1716 diligentia,
444 1654 515 1697 curn
543 1637 695 1716 quattuor
723 1637 802 1698 nota
833 1633 893 1697 illa
922 1654 1041 1718 genera

34 1721 266 1805 principiorum
285 1724 370 1785 essct
388 1721 586 1804 complexus,
609 1743 627 1784 e
650 1721 766 1804 quibus
786 1718 895 1786 omnia
913 1742 1040 1785 oreren-

34 1815 96 1892 tur,
132 1808 280 1893 quintam
307 1808 468 1891 quandam
494 1811 645 1873 naturam
673 1813 782 1873 censet
813 1830 895 1892 esse,
928 1829 944 1873 e
977 1831 1040 1893 qua

35 1897 76 1962 sit
97 1918 199 1962 mens.
248 1894 400 1979 Cogitate
428 1897 514 1960 enim
542 1900 575 1960 et
601 1897 768 1980 providere
796 1900 829 1961 et
855 1897 976 1961 discere
1008 1901 1041 1960 et

35 1985 147 2050 doecre
184 1988 218 2048 et
250 1984 393 2048 invenire
429 1983 553 2067 aliquid
582 1989 615 2048 ct
643 1989 712 2049 tarn
745 1986 849 2050 multa
879 1985 945 2049 alia
976 2007 1040 2048 rne-

35 2073 180 2156 minisse,
208 2093 317 2136 amare
350 2072 468 2156 odisse,
501 2093 617 2156 cupere
648 2072 776 2156 timere,
809 2074 885 2159 angi
917 2073 1041 2156 laetari,

35 2159 112 2226 baec
146 2163 180 2224 et
207 2160 327 2224 similia
354 2181 464 2249 eorum
490 2160 525 2223 in
553 2160 668 2226 horum
701 2165 854 2247 quattuor
886 2180 1040 2244 generum

34 2249 139 2314 inesse
170 2248 261 2313 nullo
297 2251 405 2331 putat3
422 2243 587 2349 quintum
624 2269 725 2334 genus
759 2248 892 2314 adhibet
921 2271 1039 2314 vacans

34 2337 162 2402 nomine
195 2341 228 2401 et
259 2337 306 2400 sic
337 2336 445 2419 ipsum
478 2335 621 2400 animum
656 2335 862 2418 ἐνδελέχειαν
895 2337 1041 2420 appellat

34 2447 117 2490 novo
145 2423 276 2489 nominc
307 2423 400 2506 quasi
427 2423 589 2508 quandam
617 2424 836 2488 continuatam
864 2425 1040 2488 motionem

35 2517 66 2576 et
87 2534 272 2605 perennem.

97 2591 171 2664 Nisi
203 2622 285 2685 quae
316 2622 367 2664 me
399 2600 483 2665 forte
514 2599 657 2684 fugiunt,
690 2599 769 2664 haec
799 2601 876 2663 sunt
905 2597 972 2662 fere
1000 2598 1038 2662 de
1051 2602 1091 2666 n

34 2690 141 2752 animo
164 2688 304 2752 sentent
294 2710 355 2753 1ae
398 2687 566 2753 Democrit
552 2692 622 2752 turn
645 2687 744 2769 enim,
770 2706 924 2770 magnum
946 2686 1039 2750 illum

34 2776 163 2860 quidem
195 2776 314 2859 virum,
347 2776 404 2840 sed
437 2775 564 2840 levibus
597 2778 629 2838 et
660 2774 807 2839 rotundis
841 2773 1039 2857 corpusculis

34 2864 224 2928 efficientem
243 2865 385 2928 animum
406 2884 562 2928 concursu
566 2861 718 3014 tquodam
739 2861 807 2928 fort
793 2863 887 2944 tuito,
910 2863 1039 2926 omitta-

34 2974 118 3036 mus3
141 2952 223 3016 nihil
247 2955 296 3016 est
320 2952 406 3016 enim
429 2949 545 3035 apud'
535 2973 564 3015 is
566 2955 630 3039 tos,
661 2950 747 3033 quod
767 2971 834 3014 non
858 2953 1040 3015 atomorum

34 3041 130 3104 turba
156 3040 314 3103 conficiat
343 3037 488 3103 Harum
516 3037 748 3102 sententiarum
776 3058 856 3121 quae
883 3059 958 3102 vera
989 3038 1039 3118 sit,
1058 3056 1096 3104 33

34 3128 110 3192 deus
152 3127 252 3211 aliqui
292 3127 425 3211 viderit3
448 3146 547 3276 quae
588 3125 656 3188 veri
698 3125 880 3206 simillima,
923 3145 1040 3208 magna

34 3215 179 3298 quaestio
203 3218 261 3278 est.
304 3213 422 3278 Utrum
444 3213 506 3297 igit
507 3235 546 3277 ur
567 3213 653 3277 inter
673 3212 733 3277 has
757 3211 933 3277 sententias
953 3211 1038 3276 diiu-

34 3303 138 3368 dicare
161 3301 321 3366 malumus
345 3323 387 3365 an
411 3300 452 3366 ad
476 3301 678 3384 propositum
701 3300 827 3365 redire?

96 3391 140 3455 A.
168 3387 326 3473 Cuperem
345 3389 492 3473 equidem
509 3393 694 3471 utrumque,
719 3388 746 3455 si
768 3388 893 3470 posset,
916 3385 1039 3450 sedeat

34 3478 165 3544 difficile
183 3477 387 3542 confundere.
423 3475 528 3552 Quare
546 3475 587 3559 si,
610 3478 647 3540 ut
664 3475 729 3539 ista
748 3496 812 3539 non
832 3473 1040 3557 disserantur,

1110 3420 1125 3527 l
