2356 3870
102 157 168 221 208
267 157 316 211 DE
335 155 480 210 FINIBUS
499 155 679 210 BONORUM
696 156 743 210 ΕΤ
761 156 946 211 MALORUM

104 320 196 383 aiunt
227 319 306 383 artis
346 338 472 402 quoque
508 317 694 400 requisitas,
727 338 808 400 quae
840 321 994 382 naturam
1028 317 1108 382 adiu·

103 411 228 488 varent3
255 406 290 469 in
318 405 434 489 quibus
463 426 501 468 ea
528 408 714 468 numeretur
741 405 776 467 in
800 406 928 489 primis,
959 410 1107 491 quaeest

103 494 231 558 vivendi
260 515 326 571 ars,
361 497 397 557 ut
424 496 566 574 tueatur,
598 492 683 575 quod
716 514 736 556 a
766 497 885 556 natura
916 493 1030 557 datum
1061 495 1105 575 sit,

104 582 188 665 quod
216 581 313 662 desit,
343 581 497 664 acquirat.
554 579 719 664 Iidemque
750 579 931 645 diviserunt
962 585 1101 646 naturam

103 669 244 734 hominis
266 670 301 732 in
322 669 463 733 animum
482 671 515 731 et
534 688 659 750 corpus.
696 665 840 751 Cumque
860 689 972 732 eorum
990 673 1099 733 utrum·

103 779 164 842 que
193 778 251 840 per
280 778 313 820 se
343 755 554 838 expetendum
583 776 654 819 esse
676 755 845 839 dixissent,
873 757 1013 821 virtutes
1036 779 1098 841 quo·

104 867 165 929 que
187 845 354 928 utriusque
377 864 489 907 eorum
512 864 571 925 per
588 863 622 906 se
647 843 840 926 expetendas
859 865 930 908 esse
954 844 1096 926 dicebant,

6 988 9 1003 ,
103 938 132 998 et
159 954 231 997 cum
260 933 402 995 animum
430 931 558 994 infinita
585 930 722 1014 quadam
753 931 847 995 laude
880 935 1095 1015 anteponerent

105 1021 248 1104 corpori,
279 1021 416 1084 virtutes
444 1039 569 1102 quoque
597 1018 697 1082 animi
724 1018 818 1084 bonis
846 1020 993 1102 corporis
1023 1023 1095 1084 ante

52 1133 84 1180 17
104 1108 276 1191 ponebant.
322 1105 384 1170 Sed
407 1127 480 1170 cum
504 1107 695 1189 sapientiam
717 1107 818 1170 totius
841 1105 984 1172 hominis
1008 1110 1095 1173 custo-

105 1197 177 1259 dem
200 1199 234 1259 et
255 1195 506 1277 procuratricem
525 1215 596 1258 esse
614 1194 747 1276 vellent,
771 1216 853 1278 quae
873 1200 959 1260 esset
977 1199 1096 1260 naturae

105 1304 210 1347 comes
230 1285 264 1345 et
281 1281 430 1364 adiutrix,
450 1280 512 1345 hoc
531 1281 708 1364 sapientiae
726 1303 843 1346 munus
863 1292 935 1346 esse
953 1283 1098 1361 dicebant,

104 1374 153 1454 ut,
184 1390 253 1434 eccm
285 1391 356 1433 eum
388 1371 547 1452 tueretur,
579 1369 634 1451 qui
665 1373 829 1434 constaret
866 1392 904 1434 ex
938 1372 1043 1435 animo
1069 1371 1100 1433 et

104 1479 249 1541 corpore,
272 1458 306 1521 in
328 1460 463 1540 utroque
485 1457 610 1520 iuvaret
627 1477 700 1520 enm
718 1479 755 1521 ae
777 1458 967 1522 contineret.
1004 1459 1099 1540 Atque

104 1547 151 1611 ita
181 1567 216 1610 re
246 1544 437 1628 simpliciter
470 1544 575 1626 primo
608 1543 765 1609 collocata
796 1545 922 1628 reliqua
959 1545 1097 1611 subtilius

103 1636 332 1717 persequentes
351 1632 495 1714 corporis
513 1632 599 1695 bona
619 1631 748 1696 facilem
766 1633 929 1716 quandam
951 1634 1099 1698 rationem

103 1721 223 1786 hebere
246 1720 434 1802 censebant3
459 1720 497 1783 de
521 1719 622 1782 animi
645 1719 738 1784 bonis
763 1721 944 1785 accuratius
969 1721 1098 1805 exquire

103 1809 183 1873 bant
215 1809 249 1872 in
280 1808 457 1892 primisque
489 1807 694 1889 reperiebant
726 1829 796 1871 csse
827 1808 863 1872 iu
893 1809 934 1873 iis
966 1809 1098 1873 iustitiae

104 1898 227 1961 semina
254 1896 414 1979 primique
443 1916 482 1958 ex
510 1895 659 1959 omnibus
688 1895 891 1978 philosophis
914 1890 1032 1961 natura
1051 1896 1098 1960 tri·

103 1985 218 2049 butum
246 2004 315 2047 esse
342 1983 530 2064 docuerunt,
557 1986 594 2045 ut
616 1983 652 2065 ii,
679 1983 734 2066 qui
764 1984 924 2066 procreati
947 1988 1101 2066 essent,a

102 2070 364 2154 procreatoribus
406 2073 601 2153 amarentur,
643 2073 688 2154 et,
728 2070 762 2134 id
801 2071 887 2154 quod
927 2075 1102 2155 temporum

103 2158 215 2223 ordine
239 2157 403 2241 antiquius
431 2160 494 2240 est,
522 2160 560 2221 ut
582 2158 732 2242 coniugia
754 2159 896 2223 virorum
920 2163 954 2223 et
975 2180 1103 2225 uxorum

102 2250 218 2310 natura
236 2245 409 2311 coniuncta
427 2266 496 2318 esse
515 2244 671 2329 dicerent,
690 2267 754 2328 qua
773 2267 811 2309 ex
830 2247 931 2329 stirpe
949 2247 1103 2312 orirentur

104 2334 264 2398 amicitiae
288 2333 525 2417 cognationum.
570 2331 679 2416 rique
702 2333 743 2397 ab
770 2332 822 2396 his
845 2333 950 2398 initiis
973 2335 1105 2419 profecti

103 2423 247 2485 omnium
269 2422 427 2485 virtutum
451 2424 484 2483 et
506 2419 662 2504 originem
691 2423 724 2484 et
749 2422 1012 2505 progressionem
1040 2445 1105 2507 per·

103 2510 205 2574 secuti
237 2513 320 2574 sunt.
373 2508 424 2572 ux
456 2528 520 2590 quo
547 2507 736 2591 magnitudo
768 2529 894 2592 quoque
927 2510 1029 2574 animi
1059 2533 1106 2577 cx-

103 2597 253 2682 sistebat,
280 2619 344 2680 qua
371 2595 465 2660 facilc
492 2598 603 2677 posset
629 2597 802 2679 repugnari
834 2596 1015 2681 obsistique
1046 2600 1106 2663 for·

102 2688 209 2767 tunae,
228 2684 313 2767 quod
331 2683 491 2747 maximae
509 2705 561 2746 res
581 2687 688 2746 essent
704 2684 739 2747 in
759 2686 924 2766 potestate
943 2688 1107 2769 sapientis.

101 2771 285 2836 Varietates
314 2775 422 2835 autem
448 2769 647 2853 iniuriasque
672 2769 821 2835 fortunae
847 2772 943 2836 facile
965 2779 1108 2840 veterum

100 2859 369 2942 philosophorum
405 2858 586 2941 praeceptis
625 2857 775 2922 instituta
815 2859 884 2923 vita
926 2863 1108 2945 superabat.

51 2969 82 3018 18
101 2947 271 3030 Principiis
291 2949 398 3010 antem
418 2968 437 3009 a
454 2949 572 3010 natura
596 2945 680 3009 datis
700 2947 928 3029 amplitudines
953 2950 1106 3034 quaedam

100 3035 259 3099 bonorum
297 3032 532 3116 excitabantur,
568 3033 687 3115 partim
720 3033 883 3116 profectae
916 3057 936 3100 a
969 3042 1107 3104 contem·

99 3122 242 3206 piatione
269 3143 376 3185 rerum
404 3121 617 3205 occultarum,
643 3122 728 3205 quod
756 3124 825 3185 erat
857 3123 975 3188 insitus
1009 3126 1108 3190 menti

100 3208 294 3294 cognitionis
327 3229 431 3285 amor,
463 3228 480 3271 e
506 3229 569 3292 quo
600 3208 697 3272 etiam
721 3208 865 3274 'rationis
899 3212 1108 3294 explicandae

100 3297 339 3380 disserendique
373 3295 532 3378 cupiditas
565 3296 833 3382 consequebatur,
866 3299 1018 3384 quodque
1050 3302 1108 3368 hoc

100 3387 204 3450 solum
229 3384 350 3448 animal
373 3385 486 3447 natum
510 3385 559 3446 est
585 3383 715 3466 pudoris
740 3404 777 3447 ac
802 3386 1019 3454 verecundiae
1041 3412 1108 3474 per·

98 3474 201 3557 ticeps
225 3475 445 3555 appetensque
469 3470 651 3537 convictum
672 3471 897 3538 hominumue
920 3476 1108 3544 societatem
