2346 3876
297 167 365 223 ala.
384 167 418 222 11.
446 167 522 223 car.
542 173 628 224 s-r.
656 173 672 234 s
692 175 812 224 re-ao.
993 167 1056 231 129

71 331 126 392 erte
146 323 330 414 distinguit,
351 332 389 394 ut
411 328 491 395 haec
514 329 600 414 ipsa,
622 352 704 414 quae
722 330 817 395 modo
839 331 1057 415 loquebamur.

72 413 218 481 Summum
246 439 266 480 a
292 417 384 482 vohis
415 417 537 482 bonum
558 418 710 502 voluptas
733 419 857 483 dieitur.
902 418 1057 502 Aperien-

72 503 131 569 dum
155 508 205 569 est
231 504 346 590 igitur,
373 505 452 589 quid
474 506 517 570 sit
540 507 702 591 voluptas3
733 507 827 571 aliter
850 507 934 570 eninr
958 506 1056 589 expli·

73 592 135 676 cari,
159 592 243 678 quod
271 593 450 678 quaeritur,
476 616 541 659 non
567 598 685 679 potest.
735 593 838 670 Quam
868 594 896 658 si
919 594 1056 676 expliea-

53 679 166 763 svisset,
185 702 252 746 non
269 684 338 746 tam
358 682 544 747 haesitaret
578 684 646 749 Aut
664 684 748 747 enim
768 704 839 747 earn
857 681 1056 766 voluptatem

74 771 210 853 uentu,
232 791 329 854 quam
347 768 551 855 Aristippus,
573 771 687 855 idest,
711 793 774 856 qua
792 791 903 835 sensas
922 769 1058 835 dulciter

74 876 102 919 ac
122 856 251 922 iucunde
279 861 441 942 movetur,
472 880 570 943 quam
603 859 700 924 etiarn
731 858 881 942 pecudes,
911 859 939 922 si
969 859 1056 942 loqui

73 948 195 1029 possent,
213 945 416 1028 appellarent
432 947 641 1032 voluptatem,
660 951 725 1030 aut,
745 947 774 1012 si
792 947 897 1032 magis
915 947 1058 1030 placeret

74 1051 118 1097 suo
131 1054 222 1098 ‘more
245 1032 348 1117 loqui,
371 1055 469 1119 quam
490 1039 528 1099 ut

45 1176 64 1216 a
142 1130 280 1221 Omnes
302 1154 428 1221 Danai
451 1161 564 1242 atque
586 1156 848 1242 Mycenenses,

140 1242 272 1309 Attica
293 1245 412 1328 pubes

72 1382 229 1469 reliquique
261 1384 388 1467 Graeci,
421 1386 476 1469 qui
507 1387 569 1452 hoe
602 1391 778 1470 anapaesto
810 1388 964 1470 citantur,
995 1387 1057 1452 hoc

72 1489 122 1536 non
142 1472 246 1538 dolere
274 1474 378 1539 solum
404 1475 582 1558 voluptatis
605 1476 735 1540 nomine
760 1476 951 1559 appellaret,
979 1475 1055 1539 illud

72 1556 274 1644 Aristippeum
297 1565 528 1641 contemneret,
556 1566 625 1647 aut,
655 1564 682 1626 si
704 1566 875 1647 utrumque
896 1563 1058 1646 probaret,

45 1649 99 1709 aut
116 1649 239 1733 probat,
262 1649 472 1734 coniungeret
495 1650 614 1716 doloris
637 1651 834 1717 vacuitatem
853 1672 926 1714 eum
948 1651 1057 1733 volup-

71 1736 124 1798 tate
141 1741 172 1801 et
188 1737 458 1802 duobus'ultimis
477 1741 629 1804 uteretur.
667 1738 764 1802 Multi
783 1738 870 1802 enim
893 1742 926 1802 ct
947 1738 1058 1822 magni
1079 1753 1110 1801 19

71 1819 237 1908 philosophi
263 1825 342 1890 haee
369 1825 484 1890 ultima
511 1827 670 1892 bonorum
697 1827 805 1891 iuncta
835 1825 993 1909 fecerunt,
1022 1829 1059 1889 ut

72 1908 245 1978 Aristoteles
277 1913 409 1979 virtutis
443 1936 538 1979 usum
570 1936 642 1980 cum
675 1915 760 1979 vitae
796 1915 955 2007 perfectae
986 1936 1058 1998 pro·

73 2000 207 2080 speritate
234 2001 414 2083 coniunxit,
442 1999 591 2089 Callipho
621 2002 766 2068 adiunxit
788 2003 828 2067 ad
855 2004 1059 2069 honestatem

46 2086 266 2173 aroluptstem,
292 2087 455 2157 Diodorus
483 2090 523 2155 ad
546 2091 680 2156 eandem
709 2090 913 2157 honestatem
937 2090 1060 2156 addidit

72 2176 243 2242 vacuitatem
271 2177 400 2242 doloris.
450 2177 538 2243 Idem
566 2179 699 2243 fecisset
725 2178 898 2264 Epicurus,
931 2179 959 2244 si
989 2201 1058 2244 sen·

72 2262 187 2330 tentiam
208 2265 307 2349 hanc,
329 2288 412 2351 quae
433 2288 518 2331 nuno
540 2267 734 2351 Hieronymi
757 2271 819 2351 est,
841 2268 1061 2334 coniunxisset

72 2367 129 2416 earn
156 2352 318 2438 Aristippi
349 2358 457 2419 vetere
491 2356 660 2420 sententia.
713 2355 768 2420 Illi
795 2356 880 2420 enim
912 2356 997 2420 inter
1025 2378 1059 2420 se

72 2434 252 2507 dissentiunt
310 2441 486 2527 Propterea
522 2444 660 2528 singulis
692 2444 812 2508 finibus
848 2447 983 2507 utuntur
1018 2449 1059 2522 et,

47 2544 128 2592 ecum
148 2532 280 2614 uterque
303 2529 424 2596 Graece
448 2532 575 2616 egregie
596 2533 762 2615 loquetur,
783 2552 842 2595 nec
862 2530 1059 2615 Aristippus,

72 2614 113 2695 qui
136 2619 334 2702 voluptatem
363 2641 524 2684 summum
551 2621 671 2686 bonum
704 2620 794 2703 dicit,
826 2619 860 2684 in
891 2619 1059 2702 voluptate

71 2704 146 2782 ponit
170 2728 237 2771 non
264 2707 386 2791 dolere,
417 2729 519 2792 neque
547 2707 780 2792 Hieronymus,
813 2707 868 2791 qui
899 2729 1059 2772 summurn

72 2786 173 2858 bonum
196 2795 312 2860 statuit
328 2817 395 2860 non
418 2796 538 2880 dolere,
562 2796 739 2880 voluptatis
758 2797 887 2860 nomine
907 2817 1059 2880 umquam

72 2879 154 2946 utitur
175 2904 236 2965 pro
255 2883 313 2947 illa
331 2883 522 2968 indolentia,
546 2885 664 2969 quippe
689 2885 801 2969 quine
820 2883 855 2948 in
872 2884 1058 2969 expetendis

46 2967 181 3049 squidem
208 2972 306 3036 rebus
332 2974 480 3036 numeret
505 2972 712 3056 voluptatem.
757 2971 848 3037 Duae
874 2977 949 3038 sunt
972 2974 1058 3038 enim
1077 2953 1112 3076 ,70

71 3071 109 3119 res
136 3080 278 3144 quoque,
309 3080 350 3124 ne
379 3064 416 3125 tu
447 3061 544 3126 verba
576 3062 680 3125 solum
711 3064 814 3144 putas.
868 3060 978 3127 Unum
1009 3065 1059 3126 est

70 3141 125 3209 sina
145 3147 257 3213 dolore
280 3169 364 3232 csse,
387 3149 524 3214 alterum
548 3171 620 3214 cum
642 3149 818 3233 voluptate.
854 3148 924 3214 Vos
947 3171 985 3213 ex
1007 3149 1057 3213 his

69 3231 123 3296 tam
143 3235 355 3302 dissimilibus
383 3238 479 3302 rebus
501 3259 567 3302 non
588 3237 685 3302 modo
707 3259 825 3303 nomen
847 3259 946 3303 unum
969 3234 1059 3321 (nam

68 3315 93 3382 id
115 3321 239 3388 facilius
266 3321 422 3410 paterer),
450 3325 506 3390 sed
533 3326 631 3390 etiam
658 3347 727 3390 rem
749 3347 847 3390 unam
874 3346 912 3388 ex
935 3323 1059 3388 duabus

42 3402 158 3476 efacere
180 3412 357 3492 conamini,
384 3413 469 3497 quod
496 3413 565 3478 fieri
588 3413 797 3479 nullomodo
826 3414 943 3497 potest.
987 3409 1059 3493 Hic,
1150 3418 1155 3427 ’

67 3496 112 3577 qui
132 3498 301 3585 utrumque
321 3500 452 3584 probat,
475 3501 634 3569 ambobus
658 3501 771 3569 debuit
789 3500 857 3587 uti,
875 3500 964 3567 sieut
980 3497 1072 3566 lacit.

104 3609 151 3649 era
162 3611 204 3650 rr.
222 3614 240 3650 ι.
902 3613 920 3663 q
