2346 3876
301 171 368 227 LIB.
387 173 422 228 Il.
450 173 527 229 cnP.
546 181 633 228 3-5.
662 179 679 239 ἃ
697 181 801 229 7-12.
992 177 1054 241 331

34 333 1057 508 talulnttfftitttfflullttllttulit

36 510 137 574 dolor
169 509 336 594 cogitanti
359 510 429 575 fore
460 511 633 594 aliquando
661 512 759 575 finem
788 511 885 576 huius
911 513 993 578 lucis
1024 519 1056 578 et

37 597 253 662 amissionem
274 598 416 662 omnium
439 599 526 662 vitae
550 597 801 664 commodorum.
845 599 918 664 Hoc
939 621 1055 686 genere

39 685 214 750 molestiae
246 686 306 767 ric,
337 685 418 750 mihi
450 687 554 771 crede,
592 709 662 751 sum
698 687 869 770 liberatus,
905 692 942 752 ut
972 688 1056 752 nihil

39 773 153 839 minus
177 773 354 837 curandum
378 777 500 857 putem.

108 867 156 925 M
179 859 314 925 Minime
340 862 458 926 mirum
489 861 522 926 id
554 863 691 946 quidem.
745 860 831 926 Nam
865 863 965 928 efficit
994 864 1054 930 hoc
1076 879 1107 925 11

38 947 264 1032 philosophia:
287 949 432 1014 medetur
455 950 586 1032 animis,
608 951 720 1015 inanes
743 950 978 1016 sollicitudines
1001 954 1053 1017 de·

39 1036 161 1114 trahit,
184 1036 415 1120 cupiditatibus
439 1037 569 1121 liberat,
592 1039 686 1121 pellit
707 1039 850 1104 timores.
890 1037 952 1104 Sed
973 1040 1054 1106 haec

40 1125 112 1189 eius
135 1123 186 1188 vis
204 1144 270 1189 non
292 1124 376 1189 idem
397 1128 508 1208 potest
528 1124 615 1210 apud
640 1127 758 1208 omnis3
780 1131 850 1192 tum
868 1128 956 1192 valet
973 1130 1052 1193 mul-

40 1215 126 1294 tum,
159 1233 232 1276 curn
260 1216 311 1276 cst
341 1212 488 1277 idoneam
522 1214 678 1296 conplexa
708 1218 869 1280 naturam.
924 1216 1053 1281 ‘Fortis’

42 1300 129 1364 enim
161 1321 228 1365 non
254 1300 348 1365 modo
376 1299 522 1366 ‘fortuna
550 1301 711 1385 adiuvat’,
740 1307 777 1367 ut
805 1310 855 1368 est
883 1305 917 1369 in
946 1310 1053 1371 vetere

42 1387 229 1471 proverbio,
256 1389 312 1452 sed
343 1389 447 1454 multo
479 1390 585 1474 magis
617 1390 715 1472 ratio,
747 1413 828 1475 quae
861 1393 1053 1475 quibusdam

43 1475 137 1560 quasi
160 1477 340 1560 praeceptis
359 1477 530 1542 confirmat
546 1479 612 1541 vim
630 1478 838 1544 fortitudinis.
875 1478 919 1543 Te
936 1484 1054 1546 natura
1092 1512 1109 1535 ι

43 1564 208 1629 excelsum
235 1564 394 1647 quendam
421 1565 571 1630 videlieet
593 1570 625 1631 et
647 1566 750 1630 altum
774 1569 807 1630 et
835 1566 978 1631 humana
1001 1568 1052 1632 de-

43 1651 234 1734 spicientem
257 1652 382 1735 genuit,
405 1653 515 1737 itaque
537 1653 634 1717 facile
657 1654 691 1717 in
710 1653 820 1718 animo
843 1653 920 1718 forti
940 1659 1053 1718 contra

42 1742 184 1823 mortem
210 1738 323 1804 habita
352 1740 471 1804 insedit
493 1741 607 1806 oratio.
652 1740 714 1806 Sed
737 1741 815 1805 haec
839 1741 951 1805 eadem
974 1764 1053 1806 num

42 1847 161 1891 censes
183 1826 268 1911 apud
295 1849 351 1893 eos
378 1829 467 1911 ipsos
495 1829 694 1894 valere'nisi
721 1828 892 1893 admodum
922 1851 1053 1913 paucos,

42 1914 200 1998 aquibus
218 1915 362 2000 inventa,
385 1917 564 2000 disputata,
587 1918 771 2001 conscripta
789 1916 885 1980 sunt?
928 1917 1060 1994 Quotus

42 2003 130 2067 enim
163 2003 298 2089 quisque
329 2003 598 2089 philosophorum
630 2004 807 2088 invenitur,
844 2005 898 2088 qui
930 2005 974 2070 sit
1005 2007 1052 2071 ita

41 2093 202 2173 moratus,
219 2091 268 2155 ita
285 2092 394 2156 animo
414 2113 451 2156 ac
468 2093 536 2166 vita
554 2093 763 2175 constitutus,
781 2097 819 2158 ut
836 2093 1016 2177 ratio-post
1040 2130 1051 2141 ·

40 2177 109 2242 lat?
128 2176 184 2261 qui
203 2177 407 2262 disciplinam
425 2201 517 2244 suam
535 2202 600 2245 non
619 2181 872 2246 ostentationem
890 2182 1052 2264 scientiae

41 2265 98 2330 sed
125 2265 234 2350 legem
261 2268 345 2331 vitae
372 2268 486 2350 putet?
515 2269 569 2352 qui
596 2269 797 2352 obtemperet
828 2270 897 2352 ipse
926 2269 995 2334 sibi·
1019 2275 1051 2334 et

41 2353 181 2419 decretis
205 2354 271 2418 suis
293 2356 428 2438 pareat?
464 2354 581 2418 Videre
603 2356 679 2420 licet
700 2357 782 2420 alios
803 2359 896 2420 tanta
918 2358 1103 2421 levitatem

42 2442 287 2524 elimatione,
309 2446 346 2506 ut
367 2443 408 2507 iis
431 2443 530 2507 fuerit
550 2465 617 2509 non
639 2442 788 2508 didicisse
811 2444 939 2526 melius,
969 2444 1051 2508 alios

40 2532 200 2612 pecuniae
217 2530 361 2614 cupidos,
380 2532 503 2615 gloriae
520 2553 587 2596 non
605 2531 721 2612 nullos,
742 2531 867 2595 multos
881 2530 1050 2595 libidinum

42 2638 167 2701 servos,
189 2620 227 2681 nt
248 2638 321 2682 cum
344 2639 454 2683 eorum
481 2619 550 2683 vita
572 2618 779 2683 mirabiliter.
792 2621 921 2702 pugnet.
938 2618 1050 2683 oratio.

42 2703 136 2780 Quod
168 2705 294 2788 quidem
331 2706 411 2769 mihi
443 2706 570 2771 videtur
607 2727 677 2771 esse
713 2706 945 2790 turpissimum.
1004 2705 1051 2772 Ut

41 2792 142 2874 enim,
164 2793 193 2855 si
216 2794 463 2877 grammaticum
485 2815 519 2858 se
542 2794 706 2878 professus
730 2793 890 2878 quispiam
913 2794 1050 2860 barbare

40 2879 206 2963 loquatur,
228 2883 286 2944 aut
307 2881 336 2945 si
358 2880 495 2945 absurde
518 2886 613 2946 canat
635 2883 676 2963 is,
700 2883 755 2965 qui
778 2904 813 2947 se
835 2882 949 2946 haberi
971 2883 1051 2948 velit

40 2967 213 3050 musicum,
245 2967 307 3033 hoc
335 2969 461 3052 turpior
493 2970 549 3052 sit,
581 2969 666 3053 quod
698 2971 732 3034 in
765 2992 802 3034 eo
830 2971 902 3053 ipso
932 2976 1050 3055 peccet,

40 3056 132 3120 cuius
164 3055 333 3139 profitetur
365 3056 545 3140 scientiam,
577 3059 623 3121 sic
655 3057 867 3142 philosophus
898 3058 933 3122 in
965 3061 1049 3123 vitae

40 3143 169 3208 ratione
186 3164 322 3227 peccans
344 3145 407 3209 hoc
429 3145 555 3228 turpior
573 3149 636 3228 est,
659 3145 745 3229 quod
763 3146 798 3210 in
817 3146 936 3230 officio,
960 3147 1049 3210 cuius

39 3230 197 3316 magister
223 3253 294 3296 esse
322 3232 405 3315 vult,
432 3232 553 3296 labitur
580 3237 746 3317 artemque
769 3234 854 3299 vitae
884 3232 1050 3316 professus

39 3318 202 3403 delinquit
223 3319 258 3383 in
279 3320 356 3402 vita

104 3407 147 3473 A
174 3405 291 3472 Nonne
307 3406 481 3472 verendum
501 3412 550 3473 est
567 3409 680 3493 igitur,
703 3409 731 3472 si
751 3413 801 3473 est
818 3408 881 3490 ita,
904 3410 940 3471 ut
959 3406 1047 3491 dicis,
1067 3413 1089 3477 5

38 3516 77 3559 na
99 3494 342 3580 philosophiam
359 3496 445 3561 falsa
460 3495 564 3580 gloria
586 3496 741 3561 exomes?
778 3494 870 3572 Quod
893 3498 943 3558 est
962 3496 1048 3560 enim
