2346 3876
291 162 359 216 ΜΒ.
377 163 412 218 v.
440 162 516 218 car.
536 169 623 220 a-r.
650 169 665 230 s
685 169 805 221 13-18.
987 166 1052 229 431

40 325 100 408 qui
130 345 197 389 non
229 323 324 389 modo
355 346 395 388 ea
424 325 536 390 futura
567 325 675 409 timet,
707 347 818 390 verum
855 327 953 391 etiam
988 328 1054 393 fert

41 412 246 496 sustinetque
278 413 484 496 praesentia?
524 412 605 478 adde
642 413 755 478 eodem
795 414 903 498 exilia,
938 416 1053 500 luctus,

41 499 216 582 orbitates3
243 501 299 583 qui
325 501 422 564 rebus
449 501 502 565 his
528 501 652 565 fractus
681 501 882 585 aegritudine
914 503 1052 584 eliditur,

40 591 153 671 potest
182 587 313 652 tandem
349 609 419 653 esse
454 610 521 653 non
557 589 778 653 miserrimus?
836 588 920 666 Quid
953 592 1053 656 vero?

43 763 170 846 demus,
188 763 297 827 omnia
314 765 426 828 rabide
444 764 650 847 adpetentem
668 786 740 828 cum
758 765 946 848 inexplebili
965 767 1052 851 cupi·
1132 772 1145 796 “

42 852 159 934 ditate,
186 872 312 935 quoque
340 851 525 915 affluentius
547 852 731 935 voluptates
750 853 891 937 undique
913 853 1054 938 hauriat,

44 960 82 1004 eo
106 939 236 1023 gravius
250 939 486 1023 ,ardentiusque
508 940 686 1019 sitientem,
708 962 814 1005 nonne
836 945 923 1005 recte
941 942 1052 1006 miser·

42 1028 160 1091 rimum
187 1026 327 1090 dixeris?
377 1026 483 1102 Quid?
516 1027 620 1092 elatus
647 1028 703 1092 ille
735 1028 869 1092 levitate
900 1029 1052 1114 inanique

10 1136 33 1199 ro
44 1115 170 1179 laetitia
197 1115 343 1178 exultans
372 1118 406 1179 et
430 1119 552 1180 temere
579 1116 720 1200 gestiens
747 1137 856 1181 nonne
880 1119 972 1181 tanto
995 1119 1053 1181 mi-

10 1209 12 1216 '
44 1203 159 1285 serior,
186 1206 306 1286 quanto
334 1203 398 1266 sibi
420 1203 546 1267 videtur
568 1204 717 1268 beatior?
763 1204 854 1290 Ergo
876 1209 914 1268 ut
935 1204 971 1268 hi
993 1206 1052 1270 mi-

44 1291 119 1374 seri,
147 1290 193 1354 sie
221 1294 333 1355 contra
359 1291 408 1354 illi
434 1291 536 1375 beati,
570 1312 651 1376 quos
678 1292 760 1356 nulli
787 1296 892 1357 metus
919 1296 1053 1378 terrent,

42 1379 152 1444 nullae
175 1378 393 1463 aegritudines
418 1380 569 1461 exedunt,
598 1380 706 1443 nullae
729 1380 881 1444 libidines
904 1380 1053 1465 incitant,

42 1467 151 1531 nullae
187 1465 314 1530 futtiles
350 1467 497 1532 laetitiae
532 1467 716 1531 exultantes
752 1467 915 1552 languidis
951 1468 1052 1551 lique-

10 1555 167 1620 ufaciunt
198 1555 430 1637 voluptatibus.
482 1554 530 1620 Ut
565 1555 663 1618 maris
696 1555 797 1638 igitur
831 1555 1052 1638 tranquillitas

42 1642 241 1726 intellegitur
258 1643 349 1707 nulla
366 1665 407 1706 ne
426 1644 559 1706 minima
582 1642 709 1726 quidem
728 1664 807 1706 aura
828 1642 943 1707 fluctus
967 1664 1051 1707 com-

41 1733 206 1812 movente,
229 1731 275 1795 sic
295 1731 395 1795 animi
414 1731 540 1814 quietus
558 1735 592 1795 et
608 1731 756 1813 placatus
778 1734 882 1794 status
902 1730 1051 1813 cernitur,

42 1840 115 1884 eum
138 1819 341 1901 perturbatio
359 1819 450 1883 nulla
468 1823 526 1901 est,
549 1839 612 1902 qua
635 1818 758 1882 moveri
781 1822 887 1901 queat.
930 1818 1051 1894 Quodsi
1071 1830 1127 1881 1⁷⁴

40 1911 104 1988 est,
128 1905 183 1990 qui
200 1907 266 1970 vim
282 1905 445 1990 fortunae,
464 1907 519 1990 qui
538 1905 648 1970 omnia
664 1906 819 1988 humana,
837 1927 918 1989 quae
937 1907 1051 1990 cuique

10 1994 189 2059 uacoiderc
210 1998 360 2078 possunt,
381 1994 567 2058 tolerabilia
590 1993 699 2076 ducat,
723 2014 761 2057 ex
783 2014 847 2077 quo
870 2014 929 2057 nee
951 1993 1052 2058 timor

40 2103 116 2147 eum
138 2103 197 2146 nec
218 2102 321 2166 angor
344 2082 500 2166 attingat,
522 2081 670 2165 idemque
688 2081 717 2144 si
734 2081 817 2145 nihil
836 2082 1051 2166 concupiscat,

38 2171 132 2235 nulla
155 2168 312 2234 ecferatur
335 2170 434 2233 animi
456 2169 546 2232 inani
564 2170 744 2253 voluptate,
767 2169 926 2254 quidest,
949 2191 1005 2234 our
1022 2170 1050 2234 is

38 2280 108 2323 non
140 2258 254 2322 beatus
288 2257 352 2322 sit?
380 2260 412 2320 et
439 2257 467 2320 si
493 2257 573 2320 haec
599 2258 719 2320 virtute
746 2257 942 2342 efficiuntur,
975 2257 1051 2341 quid

39 2349 105 2430 est,
128 2366 185 2409 our
207 2345 311 2410 virtus
333 2345 406 2429 ipsa
429 2367 487 2428 per
511 2365 634 2408 senon
657 2343 777 2408 efficiat
800 2345 934 2409 beatos?

10 2452 25 2492 s
109 2434 150 2497 A.
183 2432 285 2517 Atqui
315 2434 452 2498 alterum
482 2430 545 2496 dici
573 2452 639 2496 non
669 2435 789 2514 potest,
820 2432 898 2514 quin
925 2432 963 2515 ii,
996 2429 1089 2516 quil

38 2521 124 2587 nihil
142 2526 297 2605 metuant,
314 2521 399 2585 nihil
418 2524 589 2604 angantur,
607 2517 689 2583 nihil
706 2519 942 2603 concupiscant,
960 2521 1051 2584 nulla

38 2611 213 2693 impotenti
231 2609 358 2673 laetitia
380 2609 575 2691 ecferantur,
597 2607 685 2671 beati
704 2607 781 2688 sint,
804 2608 913 2690 itaque
937 2606 971 2671 id
988 2607 1051 2672 tibi

39 2696 195 2780 conced03
215 2697 353 2761 alterum
371 2701 479 2760 autern
497 2697 563 2760 iam
581 2696 744 2779 integrum
757 2697 896 2758 nonest.
924 2692 1051 2777 Superi·

39 2785 152 2850 oribus
177 2785 263 2849 enim
286 2784 562 2867 disputationibus
582 2784 730 2847 effectum
752 2787 801 2845 est
823 2802 938 2846 vacare
962 2783 1050 2846 omni

10 2873 143 2938 oanimi
165 2873 410 2955 perturbatione
433 2873 620 2955 sapientem.

107 2965 153 3026 Μ.
175 2959 338 3025 Nimirum
360 2960 461 3046 igitur
483 2959 629 3025 confecta
650 2979 702 3022 res
726 2961 790 3040 est3
814 2956 941 3021 videtur
965 2959 1050 3021 enirn
1071 2969 1103 3016 18

39 3048 82 3113 ad
106 3049 227 3113 exitum
250 3049 377 3113 venisse
400 3047 555 3133 quaestio.

107 3137 149 3200 A.
176 3135 413 3220 Propemodum
436 3136 468 3199 id
492 3136 628 3220 quidem.

107 3229 152 3287 Μ.
175 3222 297 3288 Verum
325 3229 436 3289 tamen
462 3222 782 3287 mathematicorum.
798 3221 861 3285 iste
888 3240 959 3284 mos
992 3221 1050 3301 est,

10 3333 107 3378 onon
130 3315 180 3376 est
200 3312 480 3396 philosophorum.
517 3310 604 3376 Nam
626 3314 810 3394 geometrae
834 3330 906 3373 cum
930 3305 1051 3390 aliquid

39 3401 155 3465 docere
182 3400 311 3483 volunt,
339 3401 367 3464 si
395 3399 472 3484 quid
499 3399 538 3462 ad
567 3420 637 3462 eam
664 3419 732 3461 rem
759 3396 902 3479 pertinet
930 3414 1051 3476 eorum,

40 3508 125 3573 quae
149 3491 224 3552 ante
248 3487 437 3568 docuerunt,
460 3486 493 3550 id
517 3488 648 3550 sumunt
669 3506 728 3567 pro
747 3504 898 3548 concesso
923 3486 956 3546 et
978 3501 1050 3566 pro·
