2356 3870
290 144 359 200 LlB.
376 146 411 199 ΙΙ.
440 143 517 200 CAP.
536 151 658 202 28-30.
687 151 703 212 5
721 151 843 202 92-96.
1012 144 1076 208 159

90 325 153 388 quae
181 307 359 372 effeminari
389 308 496 373 virum
527 311 639 372 vetant
669 307 705 371 in
733 307 851 373 dolore.
902 306 1005 382 Quam
1034 308 1075 372 ob

89 413 141 457 ren
163 399 254 479 turpe
281 395 462 480 putandum
490 400 552 478 est,
581 417 647 461 non
679 395 750 460 dico
783 396 890 460 dolere
922 394 1012 480 (nam
1043 396 1076 460 id

90 482 194 564 quidem
215 483 378 548 interdum
406 487 457 549 est
483 481 641 570 necesse),
669 483 724 548 sed
747 505 860 548 saxum
882 483 963 547 illud
986 483 1076 548 Lem-

88 568 157 634 nium
179 571 319 637 clamore
341 572 544 637 Philocteteo
566 571 745 655 funestare,

68 720 79 761 ὅ
138 701 241 778 Quod
264 704 427 788 eiulatu,
450 705 603 789 questu,
627 704 785 788 gemite,
807 703 1030 769 fremitibus

136 789 365 857 Resondndo
388 795 531 856 mutum
552 792 713 856 fle'biles
737 795 848 857 roce‘s
872 791 1000 857 refert.

84 918 153 988 Huic
174 923 337 1009 Epicurus
358 928 558 1008 praecentet,
582 925 610 989 ei
632 928 754 1007 potest,
776 925 829 988 cui
943 987 946 990 ⁴

23 1118 25 1123 .
133 1055 168 1121 Ε
186 1054 362 1139 viperino
385 1058 512 1122 1116111
535 1078 656 1122 venae
678 1054 866 1121 viscerum

23 1150 25 1156 '
86 1176 89 1181 ·
134 1142 292 1209 Vene'no
310 1144 480 1209 imbutae
503 1148 652 1210 tae‘tros
677 1144 869 1209 cruciatus
894 1145 1009 1209 cient!

55 1270 121 1341 utic
141 1275 318 1360 Epicurus:
346 1275 555 1359 Philocteta,
582 1278 625 1341 111
653 1275 761 1341 brevis
785 1276 896 1343 dolor?
940 1277 1077 1342 Atiam

76 1362 226 1430 decimum
249 1387 369 1430 annum
390 1366 424 1429 in
447 1366 599 1448 spelunca
622 1364 715 1431 iacet.
757 1363 803 1429 ‘si
826 1365 957 1450 longus,
980 1365 1076 1450 levis3

75 1451 129 1517 dat·
147 1453 237 1518 enim
263 1453 435 1517 intervalla
462 1456 496 1518 et
521 1452 675 1518 relaxat'.
714 1452 860 1517 Primum
883 1474 949 1519 non
973 1474 1076 1537 saepe,
1095 1465 1130 1513 95

74 1539 179 1606 deinde
201 1563 286 1625 quae
308 1544 359 1606 est
381 1542 445 1606 ieta
467 1541 640 1621 relaxatio,
667 1563 740 1606 cunr
768 1544 800 1605 et
827 1542 995 1624 praeteriti
1021 1542 1076 1606 do·

24 1634 26 1691 ζ
73 1628 145 1695 loris
167 1629 327 1694 memoria
347 1651 459 1695 recens
482 1633 532 1694 est
555 1633 588 1693 et
615 1628 718 1694 futuri
741 1632 837 1712 atque
861 1629 1075 1711 impendentis

45 1720 197 1801 retorquet
219 1716 339 1783 timor?
386 1716 581 1801 ‘Moriatur',
604 1717 718 1801 inquit.
762 1716 914 1782 Fortasse
936 1717 969 1780 id
993 1718 1076 1800 opti·

73 1826 169 1890 mum,
195 1806 251 1870 sed
278 1805 335 1870 ubi
361 1805 455 1871 illud:
493 1805 581 1870 ‘Plus
613 1827 740 1889 semper
771 1795 982 1888 voluptatis'?
1041 1803 1076 1870 Si

75 1894 153 1959 euim
180 1894 228 1959 ita
250 1897 313 1976 est,
341 1894 425 1979 vide,
455 1916 495 1960 ne
516 1894 643 1959 facinus
666 1894 780 1977 facias,
804 1915 876 1959 cum
899 1894 981 1958 mori
1004 1917 1076 1960 sua-

75 1979 152 2047 deas.
196 1982 311 2047 Potius
335 2004 411 2068 ergo
434 1983 492 2047 illa
515 1982 674 2047 dieantur:
703 1986 796 2065 turpe
820 2003 904 2066 esse,
926 1982 988 2046 viri
1011 2004 1077 2048 non

76 2090 139 2135 esse
161 2071 326 2135 debilitari
349 2071 473 2153 dolore,
503 2072 622 2156 frangi,
646 2071 860 2136 succumbere.
903 2070 989 2136 Nam
1012 2072 1077 2136 ista

25 2161 189 2225 ¹oaeatra:
226 2157 273 2223 ‘Si
305 2160 430 2244 gravis,
461 2159 582 2243 breuis3
613 2159 640 2224 si
670 2159 799 2244 longus,
830 2158 922 2223 levis'
956 2159 1076 2224 dictata

25 2246 27 2331 j
78 2252 152 2313 1111.
196 2245 353 2331 Virtutis,
375 2248 608 2332 magnitudinis
631 2248 743 2328 animi,
772 2247 962 2330 patientiae,
984 2247 1075 2313 forti-

25 2344 28 2351 '
78 2334 190 2401 tudinis
213 2336 367 2402 fomentis
391 2335 483 2402 dolor
505 2336 649 2421 mitigari
672 2336 763 2400 solet.

134 2424 234 2508 Audi,
260 2446 301 2489 ne
327 2425 425 2510 longe
452 2424 580 2508 abeam,
612 2424 751 2488 moriens
778 2423 856 2507 quid
883 2423 971 2488 dicat
999 2394 1130 2519 Epi-²⁹32

80 2529 177 2596 curus,
204 2516 243 2577 11
270 2512 441 2597 intellegas
463 2513 552 2577 facta
575 2513 644 2576 eius
667 2534 739 2577 oum
762 2511 856 2576 dictis
880 2510 1075 2594 discrepare:

53 2595 269 2684 a‘dpicurus
288 2598 525 2665 Hermarcho
545 2598 575 2665 S.
608 2598 697 2665 Cum
716 2598 944 2684 ageremus',
962 2600 1076 2683 inquit,

81 2683 187 2753 ‘ritae
205 2688 357 2754 beatum
379 2692 417 2754 et
435 2689 592 2753 eundem
612 2710 828 2772 supremum
847 2688 957 2770 diem,
981 2689 1075 2752 sori-

81 2772 251 2842 bebamus
273 2776 374 2842 haec.
429 2775 544 2842 Tanti
574 2776 735 2841 aderant
757 2777 908 2841 vesicae
932 2780 969 2840 et
996 2779 1075 2841 tor-

25 2858 29 2947 1
81 2864 211 2933 ninum
249 2865 387 2949 morbi,
423 2869 464 2929 11
498 2865 599 2929 nihil
637 2865 681 2929 ad
718 2886 845 2930 eorum
881 2865 1076 2949 magnitu-

26 2954 29 3017 !
81 2949 192 3020 dinem
220 2957 354 3037 posset
381 2952 587 3018 accedere?
637 2952 791 3018 Miserum
816 2952 995 3018 hominem!
1041 2952 1076 3018 Si

26 3032 160 3106 *adulor
191 3064 353 3106 summum
385 3043 507 3108 malum
539 3045 602 3125 est,
638 3041 701 3106 dici
737 3042 832 3107 aliter
862 3063 927 3107 non
959 3044 1076 3125 potest.

81 3123 133 3195 ded
170 3130 339 3196 audiamus
380 3131 498 3214 ipsum:
546 3128 915 3214 ‘Compensabatur',
962 3131 1076 3213 inquit,

81 3211 214 3284 ‘tamen
237 3214 318 3283 cum
341 3219 401 3283 his
426 3219 600 3284 omnibus
624 3218 741 3282 animi
768 3219 938 3301 laetitia,
965 3239 1076 3302 quam

79 3308 267 3391 capiebam
304 3306 488 3373 memoria
523 3307 717 3371 rationum
759 3307 1075 3388 inventorumque

78 3400 296 3461 aestrorum.
333 3393 404 3460 Sed
427 3399 481 3478 tu,
505 3399 546 3459 ut
568 3396 723 3480 dignum
742 3400 801 3460 est
821 3399 887 3459 tua
909 3413 1000 3476 erga
1019 3414 1074 3456 mc

53 3484 111 3547 ⁸⁸et
139 3482 431 3571 philosophiam
463 3483 666 3548 voluntate
699 3484 744 3548 ab
779 3481 1075 3547 adulescentulo
