2346 3876
105 176 168 240 118
266 176 314 230 DE
334 150 943 230 1111100011011000101011011011011

104 338 310 402 ‘sententia
342 337 593 402 confirmavit
625 338 802 419 animum,
837 357 883 400 ne
917 335 1014 418 quod
1046 337 1104 398 aut

104 427 379 509 sempiternum
412 429 476 490 aut
513 426 734 490 diuturnum
766 426 922 489 timeret
958 422 1104 504 malum,

104 536 196 597 quae
219 514 420 597 perspexit
452 515 490 578 in
516 513 587 579 hoc
615 515 702 597 ipso
730 514 831 577 vitae
860 513 989 595 spatio
1018 512 1103 575 arni-

52 625 83 671 00
105 603 223 666 011100
237 601 473 685 praesidium
488 623 571 666 esse
585 599 875 666 firmissimum?
904 599 988 664 Sunt
1002 603 1103 663 autem

103 691 234 775 quidam
261 689 411 773 Epicurei
437 690 617 754 timidiores
643 690 742 774 paulo
768 693 881 754 contra
903 692 1123 752 vestramne

102 779 199 861 vicia,
231 778 287 842 sed
318 782 428 842 tamen
464 779 543 842 satis
576 778 675 861 acuti,
707 778 761 862 qui
793 780 955 859 verentur,
991 799 1046 859 ne,
1080 776 1104 839 si

104 866 280 931 amicitiam
314 870 448 949 propter
481 869 626 930 nostram
662 866 860 948 voluptatem
899 864 1103 948 expetendam

102 959 265 1037 putemus,
288 957 359 1018 tota
377 954 521 1019 amicitia
544 954 635 1038 quasi
655 953 833 1017 claudicare
851 952 1010 1017 videatur.
1046 952 1103 1016 110-

103 1065 164 1125 que
190 1043 313 1126 primos
341 1062 531 1125 congressus
562 1042 844 1126 copulationesque
877 1044 910 1104 et
942 1046 1104 1106 consuet·

104 1131 215 1194 dinum
241 1130 510 1194 instituendarum
537 1130 721 1194 voluntates
743 1129 815 1194 fieri
840 1132 975 1213 propter
998 1130 1132 1213 volup-u

102 1222 217 1302 tatem3
255 1238 326 1281 oum
363 1221 469 1281 autem
505 1240 581 1282 usus
612 1218 822 1303 progrediens
853 1216 1104 1282 familiaritatem

104 1305 255 1385 effecerit,
278 1308 348 1368 tum
367 1327 509 1369 amorem
529 1305 727 1370 efflorescere
745 1310 885 1387 tantum,
907 1310 958 1389 ut,
982 1306 1104 1370 etiamsi

103 1393 193 1458 nulla
212 1394 255 1457 sit
273 1393 399 1457 utilitas
418 1414 457 1457 ex
476 1393 630 1476 amicitia,
652 1398 762 1458 tamen
780 1395 842 1477 ipsi
863 1394 960 1458 amici
978 1399 1105 1478 propter

105 1504 139 1546 se
157 1483 244 1565 ipsos
264 1484 419 1545 amentur.
456 1480 585 1546 Etenim
604 1483 631 1545 si
648 1483 734 1565 loca,
752 1483 781 1546 si
799 1482 888 1566 fana,
909 1483 938 1545 si
956 1484 1064 1565 urbes,
1081 1482 1105 1546 01

104 1570 286 1655 gymnasia,
315 1570 343 1633 si
366 1591 527 1653 campum,
555 1571 714 1648 sicanas,
741 1572 769 1635 si
792 1592 903 1655 equos,
934 1570 964 1634 si
987 1571 1105 1636 ludicra
1116 1597 1135 1638 15

104 1658 269 1723 exercendi
296 1661 352 1722 aut
374 1658 512 1723 venandi
535 1658 764 1723 consuetudine
787 1658 937 1723 adamare
960 1661 1106 1740 solemus,

103 1750 224 1829 quanto
260 1747 292 1809 id
331 1747 365 1810 in
400 1745 569 1811 hominum
610 1747 839 1811 consuetudine
874 1746 1004 1813 facilius
1041 1748 1105 1812 fieri

52 1835 225 1918 apoterit
257 1837 288 1897 et
320 1833 458 1898 iustius?
512 1832 594 1899 Sunt
626 1838 745 1917 autem,
774 1836 829 1918 qui
855 1834 965 1898 dicant
997 1835 1105 1900 foedus

103 1944 172 1986 esse
195 1921 354 2007 quoddam
378 1922 584 2006 sapientium,
612 1926 649 1987 ut
674 1945 715 1986 ne
738 1925 843 1986 minus
866 1923 989 1987 amicos
1013 1945 1105 2008 quam

104 2033 137 2074 se
160 2011 249 2093 ipsos
273 2009 420 2093 diligant.
456 2009 547 2085 Quod
571 2013 603 2074 et
626 2032 720 2094 posse
742 2011 812 2074 fieri
833 2011 1054 2096 intellegimus
1077 2016 1106 2075 et
1118 2040 1137 2079 u

104 2120 198 2181 saepe
230 2099 346 2162 euenire
376 2098 532 2182 videmus,
567 2100 600 2161 et
629 2099 835 2182 perspicuum
866 2103 917 2163 est
948 2099 1038 2163 nihil
1070 2099 1105 2164 ad

103 2185 238 2250 iucunde
266 2185 437 2251 vivendum
464 2185 599 2270 reperiri
627 2208 734 2270 posse,
767 2186 853 2271 quod
883 2188 1106 2252 coniunctione

102 2275 162 2338 tali
180 2274 224 2338 sit
246 2274 362 2357 aptius.
394 2272 517 2349 Quibus
536 2297 575 2339 ex
593 2273 741 2339 omnibus
760 2274 895 2339 iudicari
916 2279 1028 2359 potest
1045 2298 1107 2341 non

103 2361 198 2426 modo
225 2383 291 2425 non
317 2362 466 2446 impediri
498 2363 658 2427 rationem
685 2363 861 2446 amicitiae,
889 2363 924 2438 si⁴
947 2386 1107 2428 summum

103 2449 225 2515 bonum
238 2451 273 2514 111
287 2451 453 2534 voluptate
470 2455 618 2534 ponatur,
637 2452 693 2515 sed
707 2451 775 2515 01110
791 2450 853 2516 hcc
871 2452 1107 2518 institutionem
1119 2479 1140 2520 11

51 2597 60 2624 ,
104 2540 235 2604 omnino
259 2539 419 2603 amicitiae
441 2560 507 2602 non
529 2561 623 2622 posse
648 2540 791 2622 reperiri.

50 2596 91 2720 ii
170 2628 372 2710 Quapropter
399 2627 427 2691 si
454 2649 504 2709 00,
531 2648 612 2710 quae
635 2627 713 2704 dixi,
745 2628 812 2692 sole
834 2628 905 2710 ipso
928 2628 1108 2694 illustriora

104 2721 136 2780 et
163 2717 300 2780 clariora
327 2718 415 2798 sunt,
443 2714 472 2778 si
499 2715 606 2778 omnia
630 2715 722 2795 [dixi]
751 2715 908 2779 haustae
938 2716 1032 2780 fonte
1054 2740 1106 2782 na·

102 2811 208 2887 turae,
232 2805 260 2867 si
277 2806 348 2866 tota
367 2803 471 2866 oratio
489 2805 602 2866 nostra
620 2823 747 2867 ornnem
766 2804 829 2867 sibi
846 2804 943 2867 fidem
961 2806 1108 2870 sensibus

103 2894 286 2972 confirmat,
313 2890 347 2953 id
375 2894 424 2955 001
451 2889 644 2973 incorruptis
672 2891 932 2975 atque‘integris
962 2894 1142 2970 testibus,u

103 2981 132 3042 si
150 2979 291 3042 infantes
308 2979 408 3061 pueri,
426 2982 534 3043 mutae
553 2979 651 3043 etiam
671 2979 795 3043 bestiae
812 3001 915 3062 paene
932 2981 1109 3064 loquuntur

48 3136 49 3139 Ἴ
102 3069 262 3150 magistra
289 3087 325 3130 ac
352 3065 430 3130 duce
457 3071 574 3131 natura
604 3066 687 3130 nihil
720 3090 789 3132 esse
821 3089 1013 3152 prosperum
1045 3070 1110 3134 nisi

102 3155 316 3238 voluptatem,
347 3153 429 3218 nihil
461 3176 610 3238 asperum
641 3155 706 3219 11101
737 3155 893 3239 dolorem,
924 3157 963 3220 de
993 3159 1109 3241 quibus

102 3264 204 3327 neque
237 3243 409 3325 depravate
440 3242 584 3307 iudicant
614 3264 716 3326 neque
748 3247 910 3327 corrupte,
940 3266 1050 3311 nonne
1081 3245 1109 3309 ei

103 3332 277 3395 maximam
300 3330 438 3414 gratiam
462 3330 581 3395 habere
604 3331 769 3415 debemus,
797 3332 851 3415 qui
873 3333 934 3396 hac
958 3334 1145 3403 exauditam

103 3420 212 3502 quasi„
221 3441 298 3484 voce
323 3422 459 3483 naturae
486 3420 532 3484 sic
566 3426 637 3483 earn
664 3419 755 3483 firme
787 3421 993 3504 graviterque
1025 3444 1110 3487 com·

86 3507 315 3593 prehenderit,
346 3511 381 3572 ut
408 3530 519 3574 omnes
547 3509 629 3574 bene
656 3529 751 3573 sanos
779 3508 922 3573 inviam
950 3511 1111 3595 placatae,
