2356 3870
322 162 390 217 uua
410 163 443 217 V.
471 161 547 216 CAP.
567 169 690 219 rr-re.
720 169 876 230 §rr-ra
1037 163 1100 227 rot

85 325 217 389 faciant
238 325 371 390 nullam.
386 328 577 410 quaerentes
600 325 809 408 voluptatem.
846 323 946 389 Stoici
968 328 1101 389 restant.

84 412 131 477 ni
166 413 296 496 quidem
327 435 393 477 non
426 435 523 478 unam
551 413 693 496 aliquam
726 417 782 477 aut
819 413 954 477 alteram
986 433 1050 476 rem
1082 435 1102 476 a

86 501 200 583 nobis,
224 501 280 564 sed
302 505 408 566 totam
431 501 472 565 ad
495 523 529 565 se
557 504 701 566 nostram
729 500 968 585 philosophiam
996 504 1101 564 trans-

87 588 250 671 tulerunt3
283 593 378 673 atque
410 593 447 653 ut
479 589 597 673 reliqui
623 588 711 653 fures
739 610 848 652 aarum
875 609 995 670 rerum,
1022 609 1100 671 quas

62 680 261 760 coeperunt,
294 678 389 761 signa
420 680 639 760 commutant,
676 677 722 741 sic
758 676 827 758 illi,
863 679 899 739 ut
934 675 1101 739 sententiis

87 765 213 829 nostris
240 787 299 848 pro
329 766 396 829 suis
424 769 605 847 uterentur,
635 764 769 829 nomina
800 767 963 847 tamquam
994 784 1101 826 rerum

88 856 187 917 notas
206 856 423 917 mutaverunt.
459 852 511 917 Ita
528 853 720 936 relinquitur
740 851 810 915 sola
827 851 908 917 haec
932 850 1112 933 disciplina

89 941 190 1024 digna
223 940 418 1006 studiosis
398 961 623 1040 ingenuarum
655 940 787 1022 artium,
826 939 924 1024 digna
960 938 1101 1021 eruditis,

90 1028 191 1113 digna
219 1028 316 1093 claris
344 1029 437 1110 viris,
464 1027 565 1112 digna
590 1027 803 1178 principibus,
831 1028 929 1112 digna
960 1026 1101 1110 regibus

55 1143 79 1183 ro
157 1115 249 1193 Quae
268 1137 341 1180 cum
360 1116 494 1181 dixisset
511 1117 734 1200 paulumque
724 1120 800 1179 1nst1
790 1116 906 1198 itisset,
929 1114 1012 1191 Quid
1027 1114 1100 1178 est?
1120 1126 1153 1175 ⁷5

90 1205 213 1288 iuquit,
241 1205 362 1268 satisne
389 1204 482 1269 vobis
510 1204 620 1267 videor
646 1225 705 1286 pro
731 1225 803 1268 meo
831 1204 900 1267 iure
927 1203 961 1266 in
984 1202 1100 1266 vestris

90 1292 225 1357 auribus
258 1291 516 1356 commentatus?
569 1291 615 1355 Et
646 1311 721 1375 ego:
758 1291 807 1354 Tu
839 1312 928 1378 vero,
960 1291 1101 1375 inquam,

90 1380 183 1463 Piso,
212 1383 251 1444 ut
277 1400 371 1462 saepe
400 1380 495 1464 alias,
527 1378 573 1443 sic
600 1379 696 1444 hodie
723 1381 770 1444 ita
796 1403 892 1446 nosse
921 1381 986 1444 ista
1013 1381 1100 1445 visus

90 1491 135 1553 es,
152 1472 200 1552 ut,
219 1468 249 1532 si
266 1467 316 1532 tui
333 1467 429 1532 nobis
448 1472 593 1551 potestas
612 1471 739 1552 saepius
758 1469 859 1552 fieret,
879 1491 944 1533 non
963 1471 1100 1533 multum

58 1582 80 1622 a
92 1556 227 1622 Graecis
246 1556 492 1641 supplicandum
516 1561 672 1641 putarem.
709 1555 802 1632 Quod
825 1557 953 1640 quidem
971 1579 1009 1622 eo
1028 1578 1101 1641 proe

92 1645 169 1710 bavi
209 1646 334 1730 magis,
375 1647 450 1730 quia
485 1646 617 1710 memini
659 1644 805 1709 Staseam
840 1644 1102 1730 Neapolitanum,

92 1734 259 1800 doctorem
291 1734 383 1798 illum
415 1739 520 1815 tuum,
551 1733 696 1799 nobilem
729 1755 806 1797 sane
842 1731 1101 1817 Peripateticum,

92 1822 262 1908 aliquanto
285 1822 351 1887 ista
374 1844 465 1887 secus
489 1823 594 1887 dicere
617 1823 764 1906 solitum,
793 1822 1023 1887 assentientem
1050 1822 1101 1904 iis,

92 1911 149 1996 qui
172 1911 313 1975 multum
326 1911 369 1976 'in
390 1911 522 1976 fortuna
544 1911 681 1976 secunda
705 1914 761 1975 aut
789 1911 935 1994 adversa,
962 1910 1114 1979 multum.

56 2001 125 2065 ain
150 1999 247 2065 bonis
271 2003 329 2063 aut
351 2000 446 2063 malis
470 2000 613 2082 corporis
637 2003 800 2083 ponerent.
844 1999 921 2083 Est,
948 2003 985 2063 ut
1012 1998 1101 2081 dicis,

92 2088 213 2172 inquit3
237 2088 292 2151 sed
311 2087 391 2152 haec
410 2089 451 2151 ab
469 2086 645 2170 Antiocho,
666 2086 825 2152 familiari
839 2092 969 2170 nostro,
994 2087 1102 2151 dicun·

92 2180 148 2239 tur
165 2176 270 2239 multo
289 2176 403 2239 melius
423 2179 455 2238 et
476 2175 601 2258 fortius,
621 2197 717 2258 quam
737 2197 757 2240 a
775 2174 888 2240 Stasea
906 2175 1103 2241 dicebantur.

93 2263 298 2347 Quamquam
317 2285 377 2347 ego
395 2284 463 2327 non
486 2285 617 2348 quaero,
642 2263 718 2346 quid
737 2264 799 2328 tibi
820 2287 840 2327 a
857 2286 909 2329 me
926 2264 1101 2347 probatum

94 2353 151 2435 sit,
174 2351 230 2415 sed
254 2351 330 2415 huic
354 2348 501 2415 Ciceroni
523 2373 583 2415 nos
585 2355 650 2435 tro,
673 2372 769 2435 quem
793 2351 984 2435 discipulum
1008 2353 1101 2436 cupio

57 2460 112 2503 aa
134 2401 168 2503 te
192 2439 358 2502 abducere.

159 2527 245 2591 Tum
272 2525 402 2591 Lucius:
438 2526 521 2590 Mihi
543 2549 618 2591 vero
645 2527 827 2590 istatvalde
854 2526 1101 2609 probata,th

93 2614 177 2716 quod
203 2615 281 2678 item
304 2614 398 2678 fratri
420 2617 508 2697 puto.
558 2615 640 2678 Tum
667 2614 748 2678 mihi
770 2613 859 2679 Piso:
894 2613 978 2688 Quid
1002 2576 1154 2698 argeti6

93 2702 212 2787 inquit,
236 2701 335 2767 dasne
359 2701 558 2767 adulescenti
580 2702 730 2766 veniam?
758 2724 800 2767 an
824 2723 896 2766 eum
920 2702 1041 2766 discere
1064 2724 1103 2766 ea

93 2790 211 2871 mavis,
234 2811 408 2873 quaecum
431 2790 525 2873 plane
547 2789 764 2874 perdidicerit,
787 2790 871 2854 nihil
890 2790 993 2853 sciat?
1029 2790 1102 2875 Ego

62 2899 169 2953 avaro
210 2877 278 2956 isti,
312 2877 457 2961 inquam,
492 2877 661 2960 permitt03
699 2878 754 2942 sed
785 2898 890 2942 nonne
925 2879 1103 2943 meministi

93 2965 190 3031 licere
213 2965 294 3029 mihi
317 2966 383 3029 ista
405 2965 557 3048 probare,
580 2986 661 3049 quae
685 2969 759 3029 sunt
781 2987 800 3029 a
821 2969 854 3030 te
878 2966 985 3030 dicta?
1022 2967 1101 3042 Quis

40 3118 42 3123 .
94 3055 180 3119 enim
213 3055 322 3137 potest
355 3074 405 3136 ea,
437 3074 520 3137 quae
551 3052 735 3135 probabilia
761 3054 930 3118 videantur
962 3055 1004 3137 ei,
1036 3076 1102 3119 non

92 3140 256 3225 probare?
301 3140 354 3205 An
376 3162 467 3224 vero,
489 3141 608 3224 inquit,
631 3141 801 3225 quisquam
824 3145 932 3225 potest
955 3141 1102 3224 probare,

92 3229 180 3312 quod
198 3231 399 3312 perceptum,
422 3227 509 3311 quod
528 3228 809 3312 comprehensum,
831 3229 917 3312 quod
936 3229 1101 3312 cognitum

40 3333 156 3395 ‚enon
191 3315 313 3380 habet?
371 3315 446 3380 Non
479 3318 530 3380 est
564 3317 642 3399 ista,
677 3317 822 3400 inquam,
857 3317 947 3398 Piso,
983 3336 1102 3399 magna

93 3404 261 3470 ffirsensio
306 3402 398 3467 Nihil
427 3406 476 3467 est
504 3403 590 3467 enim
614 3403 716 3486 aliud,
745 3426 843 3488 quam
867 3404 999 3467 obrem
1022 3402 1101 3466 mihi

91 3492 216 3577 percipi
233 3489 318 3556 nihil
340 3512 437 3573 posse
460 3491 618 3574 videatur,
640 3491 704 3555 nisi
728 3491 814 3575 quod
836 3489 1033 3573 percipiendi
1052 3492 1102 3553 vis

1079 2499 1154 2624 t276
