2346 3876
104 147 170 211 412
300 145 598 202 TUSCULANARUM
614 144 920 206 DISPUTATIONUM

105 309 245 374 dedecet
295 307 349 372 An
378 308 440 372 tibi
468 307 565 372 irasci
593 309 663 371 tum
691 307 850 390 ridemur,
879 329 952 372 cum
978 307 1049 390 quid
1070 307 1095 369 in

105 397 210 462 causis
230 397 333 461 acrius
357 401 390 461 et
407 395 628 460 vehementius
652 393 811 459 dicimus?
835 394 934 479 quid?
958 417 1025 459 cum
1044 395 1096 458 ian

104 485 200 548 rebus
217 484 393 549 transactis
408 486 441 547 et
457 482 641 566 praeteritis
656 483 822 548 orationes
840 483 1018 566 scribimus,
1033 503 1096 546 nun
1133 524 1135 533 ·

104 573 181 638 irati
204 571 397 637 scribimus?

170 679 311 778 Ecquis
334 693 405 759 hoc
430 691 730 758 animadvertit?
752 693 914 758 vincite!
1104 713 1113 754 ⁵

103 858 183 901 num
214 839 271 900 aut
303 834 407 919 egisse
436 856 591 918 umquam
618 835 739 899 iratum
765 832 934 917 Aesopum
964 838 1018 900 aut
1038 832 1097 898 sori·

104 924 208 1007 psisse
231 924 396 988 existimas
419 923 539 987 iratum
562 921 719 987 Accium?
762 921 915 1006 Agrmtur
938 922 1002 987 ista
1022 942 1097 1006 prae

105 1011 205 1095 clare,
228 1015 261 1075 et
283 1010 324 1074 ab
347 1014 474 1075 oratore
498 1010 626 1093 quidem
649 1010 776 1092 melius,
800 1010 828 1073 si
851 1010 949 1075 modo
973 1015 1021 1075 est
1041 1031 1097 1074 ora·

104 1103 169 1182 tor,
197 1120 293 1183 quam
322 1099 362 1163 ab
391 1099 457 1163 ullo
485 1098 659 1182 histrione,
685 1097 741 1162 sed
769 1100 911 1180 aguntur
938 1097 1049 1162 leniter
1074 1099 1099 1160 et

104 1189 213 1251 mente
239 1185 426 1269 tranquilla.
475 1184 656 1250 Libidinem
683 1207 759 1251 vero
786 1184 921 1250 laudare
949 1187 1036 1250 cuius
1060 1188 1124 1249 estu

104 1273 271 1338 libidinis?
321 1273 573 1339 Themistoclem
600 1273 683 1338 mihi
710 1277 743 1338 et
771 1271 1014 1338 Demosthenen
1040 1293 1099 1356 pro·

104 1361 209 1444 fertis,
247 1361 365 1426 additis
404 1361 626 1447 Pythagoran,
661 1359 899 1445 Democritum,
935 1361 1100 1450 Blatonem

105 1449 211 1527 Quid?
241 1470 299 1514 vos
330 1449 438 1514 studia
466 1450 635 1514 libidinem
666 1449 810 1514 vocatis?
840 1470 923 1534 quae
953 1450 1004 1514 rel
1032 1448 1100 1532 opti·

104 1559 230 1603 marum
248 1559 365 1621 rerum,
383 1540 420 1602 ut
434 1558 472 1602 ea
486 1541 570 1619 sunt,
589 1557 671 1621 quae
688 1536 850 1620 profertis,
875 1537 989 1602 sedata
1005 1540 1101 1601 tamen

105 1629 138 1690 et
158 1625 335 1709 tranquilla
357 1647 429 1690 esse
451 1625 579 1690 debent.
622 1624 694 1689 Iam
716 1624 954 1710 aegritudinem
976 1625 1127 1705 laudares

104 1735 202 1777 unam
228 1735 297 1778 rem
320 1713 458 1778 maxime
487 1713 725 1794 detestabilem,
753 1734 891 1796 quorum
913 1717 965 1777 est
985 1712 1102 1778 tandem

104 1800 395 1885 philosophorum?
439 1800 486 1865 At
507 1800 674 1866 commode
698 1800 780 1864 dixit
801 1799 973 1866 Afranius:

172 1920 395 2013 Dummodo
414 1923 551 1988 doleat
570 1922 732 2008 aliquid,
755 1922 886 1988 doleat
902 1921 1103 2007 quidlubet

103 2063 195 2127 Dixit
225 2064 311 2128 enim
338 2064 377 2128 de
405 2064 608 2129 adulescente
634 2063 760 2147 perdito
788 2085 826 2128 ac
856 2064 1028 2150 dissoluto,
1052 2083 1103 2128 nos

105 2153 213 2215 autem
241 2151 280 2215 de
307 2152 471 2216 constanti
497 2152 567 2217 viro
596 2172 633 2216 ac
661 2151 800 2234 sapienti
827 2153 1022 2234 quaerimus.
1067 2150 1131 2216 uta

103 2239 233 2322 quidem
255 2239 361 2321 ipsam
383 2239 474 2303 illam
496 2239 578 2305 iram
597 2240 740 2305 centurio
761 2239 884 2304 habeat
902 2245 962 2305 aut
980 2239 1104 2326 signifer

103 2326 153 2390 vel
177 2327 287 2409 ceteri,
315 2326 354 2390 de
380 2327 497 2410 quibus
525 2327 590 2392 dici
611 2349 678 2391 non
700 2347 829 2393 necesse
852 2331 916 2410 est,
943 2350 985 2393 ne
1007 2329 1105 2394 rhet·

102 2436 175 2478 rum
203 2414 384 2498 aperiamus
414 2416 579 2498 mysteria.
631 2415 721 2481 Utile
751 2418 801 2479 est
832 2416 918 2479 enim
945 2417 996 2482 uti
1026 2419 1106 2480 motu

103 2503 218 2586 animi,
237 2503 291 2586 qui
309 2503 358 2566 uti
375 2503 500 2568 ratione
517 2525 585 2568 non
602 2506 723 2588 potest3
741 2524 801 2568 nos
821 2506 944 2588 autem,
967 2508 1006 2569 ut
1022 2502 1105 2570 testi·

102 2591 181 2654 ficor
203 2612 313 2674 saepe,
336 2591 374 2655 dc
398 2591 543 2672 sapiente
566 2591 758 2675 quaerimus.
1115 2610 1133 2654 s

168 2677 216 2742 At
242 2678 328 2744 enim
352 2679 507 2742 aemulari
537 2679 618 2743 utile
647 2682 714 2763 est,
736 2680 933 2764 obtrectare,
961 2678 1105 2745 misereri

103 2763 168 2829 Dur
189 2767 362 2831 misereare
389 2766 497 2849 potius
527 2788 625 2851 quam
640 2766 738 2835 ‚feras
767 2789 875 2851 opem,
899 2768 928 2832 si
952 2767 986 2832 id
1009 2767 1105 2833 facere

101 2852 231 2934 possis?
255 2876 297 2917 an
320 2855 388 2917 sine
411 2854 630 2919 misericordia
647 2855 798 2919 liberales
817 2876 889 2920 esse
911 2877 980 2922 non
1002 2876 1105 2940 possu-

102 2939 195 3003 mus?
244 2939 320 3004 Non
348 2941 434 3006 enim
457 2942 618 3026 suscipere
647 2943 711 3026 ipsi
735 2943 957 3027 aegritudines
982 2946 1107 3028 propter

102 3027 183 3091 alios
210 3026 377 3109 debemus,
406 3029 462 3093 sed
489 3029 586 3114 alios,
614 3030 643 3094 si
665 3052 851 3113 possumus,
880 3032 989 3096 levare
1012 3029 1134 3114 aegri-so

100 3114 221 3179 tudine.
268 3113 456 3181 Obtrectare
480 3138 555 3182 vero
579 3118 674 3182 alteri
698 3121 755 3182 aut
780 3118 839 3182 illa
861 3118 984 3184 vitiosa
1008 3140 1105 3184 aemu-

101 3203 232 3285 latione,
251 3223 332 3286 quae
350 3202 507 3268 rivalitati
525 3205 641 3270 similis
661 3209 719 3288 est,
742 3205 900 3271 aemulari
918 3207 998 3292 quid
1015 3206 1105 3271 habet

101 3289 266 3374 utilitatis,
291 3312 362 3355 cum
387 3291 429 3354 sit
452 3293 645 3357 aemulantis
669 3294 748 3377 angi
771 3293 879 3363 alieno
903 3295 1006 3379 bono,
1029 3290 1105 3378 quod

100 3378 168 3460 ipse
192 3400 258 3442 non
279 3377 413 3456 habeat,
436 3380 649 3445 obtrectantis
669 3385 777 3446 autern
796 3382 874 3466 angi
893 3383 1001 3449 alieno
1020 3383 1104 3461 bono,

97 3465 183 3551 quod
207 3466 242 3538 id
262 3466 362 3534 etiam
382 3467 463 3532 alius
486 3466 628 3532 habeat?
666 3468 727 3544 Qui
749 3469 782 3533 id
802 3469 979 3553 adprobari
1001 3468 1130 3556 possita

50 2647 92 2774 t?
