2346 3876
90 131 155 196 328
285 129 583 185 TUSCULANARUM
601 129 907 185 DISPUTATIONUM

89 292 223 376 ceperit,
252 314 319 356 non
346 293 431 356 idem
458 291 582 375 reliqua
609 291 723 356 eodem
750 291 859 356 studio
884 295 1077 376 persequetur.
1120 301 1129 360 1

54 395 70 441 2
91 379 152 444 Sed
170 384 280 444 tamen
298 380 333 444 in
352 380 420 444 vita
438 382 594 463 occupata
613 384 723 464 atque,
746 383 783 443 ut
800 377 1007 462 Neoptolemi
1024 383 1078 444 tun
1122 388 1129 448 1

90 472 173 552 erat,
200 468 334 532 militari
366 488 469 552 pauca
495 467 566 550 ipsa
598 467 740 532 multum
772 488 869 551 saepe
900 471 1031 552 prosunt
1055 471 1080 530 et

89 557 197 621 ierunt
219 556 357 638 fruetus,
381 555 410 618 si
432 577 498 620 non
520 558 645 640 tantos,
668 554 783 639 quanti
802 576 841 619 ex
859 557 1008 621 universa
1025 553 1080 638 phi·
1124 583 1129 624 1

89 644 240 728 Iosophia
261 643 384 727 percipi
406 646 556 728 possunt,
578 646 689 707 tamen
707 663 776 726 eos,
799 643 917 726 quibus
935 643 1096 728 1111111111
1126 673 1129 711 ι

88 736 181 817 parte
212 731 373 797 interdum
406 734 463 795 aut
499 731 678 814 eupiditate
711 734 768 794 aut
805 731 1009 816 aegritudine
1039 733 1083 795 aut
1128 795 1129 799 ,

90 824 179 885 metu
201 819 389 902 liberemur,
417 819 507 883 velut
530 839 569 882 ex
592 840 630 883 ea
653 819 890 903 disputatione,
916 841 998 904 quae
1018 818 1083 883 mihi

90 930 192 991 nuper
208 908 324 972 habita
338 911 387 972 est
401 907 434 971 in
449 905 640 987 Tusculano,
659 927 779 990 magna
798 906 971 986 videbatur
988 906 1083 972 mortis

91 997 204 1061 effecta
226 995 438 1078 contempti0,
466 1016 547 1077 quae
574 1017 641 1059 non
663 995 832 1058 minimum
861 996 951 1060 valet
973 995 1013 1060 ad
1032 993 1084 1059 ani·

90 1106 179 1147 mum
198 1087 286 1147 metu
308 1081 521 1148 liberandum.
557 1080 643 1146 Nam
667 1082 787 1166 quiid,
810 1083 898 1167 quod
915 1084 1013 1148 vitari
1032 1103 1109 1146 nonu

89 1175 214 1254 potest,
241 1171 370 1253 metuit,
398 1171 426 1235 is
459 1171 566 1235 111111
599 1171 707 1235 animo
740 1171 849 1255 quieto
882 1171 975 1236 nullo
1006 1169 1086 1234 modo

89 1262 210 1342 potest,
244 1257 300 1321 sed
332 1258 401 1341 qui,
432 1280 498 1323 non
529 1258 625 1323 modo
657 1258 733 1342 quia
764 1280 898 1330 necesse
930 1264 982 1324 est
1011 1257 1087 1338 mon',

90 1368 200 1411 verum
224 1347 323 1410 etiam
345 1347 421 1430 quia
443 1346 527 1410 nihil
550 1346 650 1411 habet
668 1367 769 1428 mors,
791 1347 879 1430 quod
902 1347 948 1411 sit
969 1347 1086 1412 horren·
1127 1380 1129 1387 ·

91 1435 180 1517 dum,
202 1437 340 1499 mortem
362 1456 426 1499 non
449 1434 559 1517 timet,
589 1455 743 1519 magnum
766 1434 794 1498 is
819 1434 882 1498 sibi
905 1434 1088 1519 praesidium

55 1522 131 1586 aad
159 1523 289 1587 beatam
317 1523 419 1586 vitam
447 1524 621 1607 comparat.
667 1521 871 1605 Quamquam
901 1544 971 1587 non
992 1542 1114 1587 sumusu

90 1611 197 1695 ignari
232 1611 351 1674 multos
388 1609 532 1674 studiose
569 1613 682 1675 contra
717 1631 786 1674 esse
823 1609 984 1694 dicturos,
1017 1608 1090 1695 quod

90 1700 193 1763 vitare
220 1699 310 1762 nullo
339 1697 434 1762 modo
461 1697 640 1780 potuimus,
667 1697 730 1761 nisi
757 1696 1003 1764 nihilomnino
1026 1697 1091 1763 sori·

89 1787 246 1850 heremus.
291 1785 421 1851 Etenim
445 1787 474 1849 si
498 1785 675 1868 orationes,
698 1807 777 1868 quas
800 1806 860 1850 nos
884 1784 1092 1851 multitudinis

90 1874 209 1940 iudicio
246 1874 378 1956 probari
410 1873 598 1938 volebamus
632 1871 810 1956 (popularis
844 1877 894 1938 est
926 1875 1016 1940 enim
1043 1873 1093 1938 illa

90 1961 238 2044 facultas,
262 1965 294 2025 et
318 1962 449 2026 effeetus
474 1960 677 2045 eloquentiae
696 1965 747 2025 est
765 1961 968 2027 audientium
990 1963 1121 2046 adpro-a

89 2048 195 2134 butio)
215 2084 257 2096 -
276 2048 333 2112 sed
351 2050 379 2112 si
397 2049 640 2132 reperiebantur
657 2070 723 2113 non
741 2049 836 2132 nulli,
859 2051 916 2134 qui
933 2051 1020 2115 nihil
1037 2051 1095 2137 lau·

90 2136 216 2220 darent,
239 2136 301 2199 nisi
324 2137 410 2219 quod
433 2158 466 2201 se
489 2137 612 2201 imitari
634 2157 729 2220 posse
757 2136 969 2221 confiderent,
998 2159 1096 2222 quem-

89 2245 151 2307 que
175 2223 325 2306 sperandi
348 2224 424 2306 sibi,
452 2224 587 2289 eundem
611 2224 691 2289 bene
714 2224 840 2290 dicendi
862 2226 964 2290 finem
987 2247 1096 2310 propo·

89 2316 202 2376 nerent
228 2314 273 2393 et,
302 2333 373 2376 oum
397 2312 609 2376 obruerentur
632 2313 725 2396 eopia
749 2314 986 2378 sententiarum
1009 2318 1097 2397 atque

90 2400 275 2484 verborum,
298 2400 501 2465 ieiunitatem
524 2405 556 2465 et
578 2400 699 2465 famem
722 2422 756 2464 se
775 2400 873 2464 malle
892 2423 994 2485 quam
1011 2403 1126 2466 uber-a

90 2493 192 2553 tatem
216 2491 249 2553 et
271 2488 398 2572 copiam
430 2489 586 2572 dicerent,
613 2487 697 2552 unde
724 2492 795 2552 erat
824 2493 974 2554 exortum
1003 2509 1097 2575 genus

90 2577 277 2642 Atticorum
308 2577 349 2640 iis
381 2576 477 2659 ipsis,
509 2576 563 2660 qui
595 2575 629 2639 id
662 2577 752 2660 sequi
785 2598 819 2640 se
855 2577 1099 2659 profitebantur,

89 2665 251 2748 ignotum,
283 2665 338 2748 qui
370 2664 436 2729 iam
469 2665 692 2728 conticuerunt
722 2685 824 2746 paene
856 2662 898 2728 ab
926 2665 1002 2750 ipso
1031 2666 1099 2731 foro

55 2752 198 2816 sinrisi:
226 2753 302 2835 quid
331 2751 477 2815 futurum
504 2755 670 2835 putamus,
698 2772 771 2816 aum
799 2751 947 2816 adiutore
975 2756 1101 2839 populo,

91 2862 154 2922 quo
177 2840 348 2903 utebamur
367 2843 474 2922 antea,
497 2861 580 2904 nune
599 2839 731 2904 minime
749 2861 811 2905 nos
828 2841 878 2905 uti
900 2861 1000 2924 posse
1017 2841 1129 2906 vide-u

91 2925 205 2990 amus?
251 2926 313 2990 Est
336 2928 421 2991 enim
444 2927 653 3011 philosophia
679 2927 791 3012 paneis
817 2930 970 2993 contenta
992 2929 1101 2993 iudici·

90 3014 164 3096 bus,
187 3013 425 3078 multitudinem
449 3015 596 3080 consulto
619 3015 692 3098 ipsa
714 3015 842 3101 fugiens
866 3016 958 3100 eique
983 3017 1047 3100 ipsi
1070 3020 1101 3080 et

91 3105 242 3185 suspecta
275 3104 307 3164 et
337 3102 453 3180 invisa,
489 3107 539 3185 ut,
570 3102 621 3167 111
649 3102 677 3167 si
708 3103 780 3187 quis
808 3104 995 3168 universam
1026 3104 1103 3169 velit

89 3191 284 3273 vituperare,
308 3189 447 3254 secundo
471 3189 505 3253 id
527 3191 647 3273 populo
670 3189 776 3254 faeere
798 3190 920 3274 possit,
942 3194 996 3257 vel
1019 3194 1047 3257 si
1068 3193 1102 3255 in

90 3299 175 3361 eam,
204 3298 299 3359 qnam
327 3298 386 3340 nos
414 3277 553 3342 maxime
577 3279 753 3362 sequimur,
784 3282 918 3343 conetur
941 3280 1129 3361 invaderes

90 3385 210 3450 magna
243 3363 362 3428 habere
391 3364 497 3447 possit
529 3366 648 3430 auxilia
674 3387 695 3430 1
725 3365 926 3450 reliquorum
958 3368 1100 3451 philoso-

49 3460 71 3522 2
89 3454 229 3538 phorum
248 3450 438 3537 disciplinis.
473 3450 543 3517 Nos
562 3457 670 3517 autem
685 3454 852 3519 universae
871 3453 1101 3540 philosophiae
