2356 3870
283 172 351 227 ΜΒ.
370 172 418 252 111.
447 171 523 226 GAP.
544 177 664 228 1c-1e.
693 160 855 238 uae-cr?
1007 173 1069 238 193

91 349 162 415 agere
191 333 313 417 aliquid
342 337 376 397 et
406 334 511 397 facere
539 333 781 417 eorum-quod
810 340 917 400 autem
944 337 1069 401 ratione

88 423 171 484 ectum
193 425 256 504 est,
280 421 313 485 id
337 421 480 485 officium
499 421 714 507 appellamus3
738 425 787 485 est
809 422 910 507 igitur
929 423 1070 487 officium

26 527 28 565 z
88 505 137 571 eiua
156 509 295 593 generis,
325 509 410 592 quod
431 529 490 572 nec
517 510 551 572 in
580 509 673 574 bonis
696 513 837 592 ponatur
858 532 917 574 nec
939 512 972 574 in
996 532 1070 575 con·

26 646 30 725 i
60 595 236 769 smrllque
263 684 468 767 perspicuum
491 685 590 749 etiam
613 684 694 749 illud
722 688 784 767 est,
811 686 846 749 in
873 686 947 749 istis
974 687 1070 750 rebus
1083 657 1124 783 ¹5}

82 771 177 836 mediis
204 771 326 854 aliquid
354 792 448 856 agere
476 772 663 855 sapientem.
708 771 832 837 Iudicat
854 773 968 856 igitur,
998 795 1072 837 cum

26 894 27 913 ι
82 859 146 943 egit,
181 859 326 925 officium
361 859 441 923 illud
477 880 555 924 esse.
616 860 860 944 Quodquoniam
894 882 1070 943 numquam

81 943 186 1011 fallitm
217 948 252 1011 in
283 947 469 1030 iudicando,
501 947 563 1011 erit
593 948 629 1011 in
656 948 768 1012 mediis
792 948 891 1013 'rebus
920 948 1071 1013 officium.

83 1031 158 1107 Quod
181 1034 322 1099 efficitur
344 1035 406 1099 hae
429 1036 528 1099 etiam
551 1035 757 1100 conclusione
780 1037 929 1101 rationis:
964 1037 1071 1112 Quon-

58 1118 132 1185 uium
157 1123 241 1186 enim
267 1122 412 1186 videmus
440 1144 511 1187 esse
538 1123 704 1206 quiddam,
733 1125 817 1208 quod
840 1128 928 1189 recte
949 1125 1071 1190 factum

83 1210 275 1293 appellemus,
311 1210 346 1274 id
383 1213 492 1275 autem
525 1214 575 1275 est
611 1211 789 1295 perlectum
821 1212 978 1290 officium,
1010 1213 1072 1293 erit

84 1296 163 1361 etiam
192 1297 394 1381 inchoatum,
421 1302 471 1380 ut,
500 1299 528 1361 si
555 1299 640 1362 iuste
667 1299 849 1382 depositum
877 1300 1010 1364 reddere
1037 1302 1082 1364 in·

84 1388 150 1449 recte
171 1385 267 1450 factis
291 1386 348 1468 sit,
371 1386 405 1449 in
429 1386 543 1449 officiis
561 1389 702 1470 ponatur
724 1386 907 1469 depositum
925 1388 1069 1470 reddere,

85 1467 127 1536 illo
142 1474 228 1537 enim
247 1473 356 1537 addito
381 1472 497 1537 ‘iuste’
516 1474 554 1537 fit
571 1477 658 1538 recte
676 1473 812 1557 factum,
833 1495 944 1557 perse
964 1479 1071 1539 autem

62 1553 129 1623 rhu
156 1561 264 1644 ipsum
295 1561 428 1624 reddere
459 1561 494 1625 iu
522 1561 627 1626 officio
657 1562 799 1644 ponitur.
849 1560 1071 1644 Quoniamque

85 1663 133 1711 uon
156 1648 289 1712 dubium
317 1652 379 1731 est,
411 1653 487 1732 quin
516 1649 552 1711 in
579 1649 633 1732 iis,
666 1670 747 1731 quae
780 1649 888 1712 media
920 1649 1072 1732 dicamus,

86 1730 117 1795 eit
136 1736 220 1800 aliud
249 1737 450 1818 sumendum,
487 1736 575 1800 aliud
602 1736 811 1817 reiciendum,
843 1736 994 1819 quicquid
1024 1738 1073 1811 ita

86 1817 185 1887 filant
212 1823 344 1906 dicitur,
372 1845 466 1888 omne
494 1823 600 1889 officio
624 1825 813 1888 continetur.
857 1823 909 1886 Ex
937 1846 999 1907 quc
1023 1825 1071 1888 in-

85 1907 245 2002 elegitur,
264 1912 418 1995 quoniam
436 1933 470 1975 ee
489 1911 552 1994 ipsi
572 1933 681 1976 omnes
699 1915 816 1975 natura
834 1911 984 1996 diligant,
1003 1915 1072 1975 tam

61 1998 271 2082 ¹luisipientem
294 2019 391 2083 quam
414 1999 593 2083 sepientem
617 2003 833 2082 sumpturum,
856 2021 937 2083 quae
961 2022 1072 2065 secun-

85 2079 142 2150 lum
168 2090 320 2152 naturam
343 2087 422 2170 sint,
449 2088 703 2170 reiecturumque
727 2088 897 2163 contraria.
942 2087 994 2151 Ita
1024 2092 1073 2152 est

85 2173 227 2252 quoddam
254 2195 422 2239 commune
450 2173 592 2239 officium
624 2174 779 2257 sapientis
812 2178 844 2238 et
874 2175 1071 2258 insipientic;

85 2274 113 2321 cx
133 2265 194 2347 quo'
224 2262 361 2328 efficitur
388 2262 510 2325 versari
537 2262 572 2326 in
599 2262 653 2344 iis,
681 2284 762 2346 quae
791 2263 897 2326 media
920 2264 1072 2327 dicamus.

84 2338 130 2413 led
151 2372 224 2415 cum
247 2350 288 2415 ab
312 2349 363 2414 his
383 2349 491 2414 omnia
508 2350 752 2432 proficiscantur
770 2349 891 2431 officia,
913 2372 979 2415 non
1002 2351 1070 2414 aine
1090 2369 1125 2418 ec

58 2442 163 2503 ²‘caiisa
185 2439 303 2502 dicitur
322 2437 362 2501 ad
381 2458 418 2501 ea
436 2437 549 2501 referri
569 2458 679 2501 omnes
697 2441 827 2501 nostras
846 2437 1072 2520 cogitationes„

81 2519 174 2591 luhis
197 2529 231 2590 et
253 2546 418 2590 excessum
442 2546 459 2588 e
486 2525 555 2589 vita
578 2526 667 2589 etin
689 2525 757 2589 vita
779 2526 987 2588 mansionem.
1032 2524 1072 2587 In

26 2682 28 2689 ,
80 2627 129 2692 quc
156 2614 242 2678 enim
269 2613 363 2696 plura
390 2615 478 2694 sunt,
508 2633 589 2696 quae
613 2613 786 2678 secundum
814 2616 964 2676 naturam
987 2616 1072 2695 sunt,

26 2698 29 2735 l
78 2693 159 2766 luins
182 2701 326 2766 officium
349 2701 455 2764 estin
477 2700 546 2764 vite
567 2722 711 2783 manere,
739 2700 774 2763 in
799 2722 861 2783 quc
885 2704 992 2764 autem
1016 2704 1073 2764 aut

77 2791 142 2852 mut
163 2790 259 2872 plura
278 2787 440 2853 contraria
458 2790 515 2851 aut
536 2787 605 2851 fore
624 2788 787 2871 videntur,
810 2788 904 2853 huius
929 2788 1071 2853 officium

46 2879 117 2940 eut
138 2876 178 2941 de
201 2877 271 2941 vita
294 2874 450 2940 excedere.
485 2874 514 2939 E
537 2897 601 2958 quo
619 2879 754 2958 apparet
772 2879 805 2939 et
823 2876 978 2959 sapientis
1003 2899 1072 2941 esse

72 2963 241 3048 aliquando
270 2962 414 3028 officium
441 2962 591 3027 excedere
620 2984 637 3025 e
664 2963 744 3046 vita,
771 2984 843 3027 cum
875 2964 988 3029 beatus
1021 2965 1074 3048 sit,

69 3055 100 3117 et
121 3051 216 3117 stulti
238 3073 368 3114 manere
391 3051 426 3114 in
445 3050 527 3134 vita,
550 3071 622 3115 cum
641 3050 685 3114 sit
703 3051 807 3115 miser.
843 3050 929 3116 Nam
952 3054 1072 3117 bonum
1091 3081 1126 3131 61

66 3139 145 3204 illud
175 3143 209 3203 et
235 3139 370 3222 malum,
398 3138 482 3222 quod
502 3147 605 3221 'saepe
632 3139 697 3203 iam
720 3139 841 3203 dictum
869 3144 932 3223 est,
959 3145 1073 3223 postea

64 3227 288 3311 consequitur3
315 3227 420 3309 prima
447 3229 555 3290 autem
582 3226 640 3290 illa
666 3231 815 3311 naturae,
843 3228 911 3291 aive
935 3228 1072 3292 secunda

28 3316 132 3382 knive
167 3315 345 3398 centraria,
382 3314 441 3378 sub
473 3314 625 3379 iudicium
660 3316 816 3399 sapientis
852 3318 885 3378 et
921 3314 1072 3379 dilectum

59 3402 197 3486 alunt,
226 3405 338 3486 estque
360 3401 418 3466 illa
440 3402 586 3467 subiecta
611 3404 704 3486 quasi
726 3403 862 3467 materia
885 3402 1071 3485 sapientiae.

54 3492 179 3577 Itaque
208 3493 242 3555 et
268 3489 417 3554 manendi
444 3490 478 3552 in
504 3490 573 3555 vita
601 3494 633 3554 et
660 3491 821 3574 migrandi
849 3490 935 3554 ratio
965 3491 1072 3554 omnis

112 3592 260 3637 010.1v.1.
826 3599 858 3647 13
