2346 3876
99 137 166 201 456
297 133 593 190 TUSCULANARUM
613 133 917 190 DISPUTATIONUM

167 296 273 372 Quid?
291 297 320 362 is
338 296 400 360 tibi
414 299 591 361 mortemne
606 296 731 361 videtur
746 299 803 361 aut
816 295 963 362 dolorem
977 298 1107 363 timeret

100 385 157 470 qui
180 405 253 449 eum
276 384 374 466 diem,
404 405 467 466 quo
490 383 640 469 moritur,
669 383 800 449 beatum
829 385 977 468 appellat
1004 408 1106 451 maxu-

100 473 226 557 misque
241 470 406 537 doloribus
422 470 566 536 adfectus
581 492 636 536 eos
654 471 743 554 ipsos
757 472 967 538 inventorum
980 495 1105 541 suorum

100 559 257 626 memoria
285 563 318 623 et
344 558 566 624 recordatione
594 558 741 624 confutat
771 581 831 625 nec
856 559 940 626 haec
968 562 1017 626 sic
1038 561 1106 646 agit,

100 652 139 713 ut
157 669 195 712 cx
212 651 358 731 tempore
377 647 469 730 quasi
488 646 615 710 effutire
633 645 801 711 videatur?
832 646 883 712 De
902 653 1008 713 morte
1028 649 1122 713 enine

101 737 149 800 ita
176 734 290 818 sentit,
319 741 356 798 ut
382 734 539 798 dissoluto
572 734 738 799 animante
770 755 902 799 sensum
935 737 1104 801 extinctum

101 825 207 908 putet,
235 822 319 906 quod
347 825 456 886 autem
483 842 579 887 sensu
602 825 723 903 careat,
748 821 832 886 nihil
860 823 903 887 ad
926 844 989 888 nos
1011 825 1045 888 id
1064 824 1103 887 iu·

102 911 189 976 dicet
210 909 380 994 pertinere.
421 908 504 972 Item
525 909 562 973 dc
583 907 693 974 dolore
713 912 801 973 certa
823 908 938 992 habet,
961 932 1043 996 quae
1064 932 1105 975 se·

102 1002 233 1083 quatur,
256 998 345 1062 cuius
363 995 621 1081 magnitudinem
642 996 803 1061 brevitate
827 998 1025 1081 consolatur,
1046 999 1105 1063 lon·

49 1108 83 1156 89
103 1087 318 1171 ginquitatem
349 1085 489 1149 levitate.
548 1083 611 1158 Qui
646 1083 776 1148 tandem
811 1083 870 1148 isti
908 1085 1135 1170 grandiloquia

103 1178 216 1238 contra
246 1171 326 1236 haec
358 1172 434 1254 duo,
467 1193 548 1255 quae
578 1171 718 1235 maxime
751 1175 888 1255 angunt,
926 1174 1043 1239 melius
1075 1193 1104 1236 sc

102 1261 225 1324 habent
247 1280 343 1342 quam
365 1257 544 1343 Epicurus?
568 1280 611 1322 an
634 1258 675 1323 ad
696 1262 814 1337 cetera,
838 1280 922 1342 quae
944 1261 1036 1325 mala
1056 1283 1105 1344 pu·

102 1351 226 1431 tantur,
256 1368 322 1411 non
353 1350 386 1411 ct
416 1346 576 1430 Epicurus
609 1349 642 1410 et
671 1345 786 1429 reliqui
816 1345 1009 1432 philosophi
1035 1347 1105 1412 satis

102 1435 209 1520 parati
237 1434 408 1500 videntur?
458 1433 537 1510 Quis
564 1442 631 1534 non
656 1436 883 1517 paupertatem
911 1433 1105 1501 extimescit?

50 1526 338 1674 aanethdatsst
361 1520 964 1694 iltiqtttmplltttpitittanns1
1010 1608 1106 1674 aa
1116 1544 1136 1586 ¹⁵

103 1699 142 1762 de
161 1698 251 1763 tenui
269 1699 357 1762 victu
379 1698 474 1781 plura
491 1696 581 1761 dixit.
617 1694 762 1779 Etenim,
786 1717 938 1781 quaeres
958 1697 1108 1781 pecuniae

104 1784 313 1869 cupiditatem
333 1785 494 1868 adferunt,
516 1787 554 1847 ut
577 1783 694 1865 amori,
716 1786 753 1847 ut
770 1782 956 1868 ambitioni,
980 1786 1019 1850 ut
1036 1784 1108 1850 coti·

103 1873 208 1937 dianis
240 1873 420 1956 sumptibus
453 1871 566 1954 copiae
597 1872 787 1954 suppetant,
819 1891 892 1935 cum
924 1873 1040 1955 procul
1069 1871 1107 1936 ab

104 1961 156 2026 his
185 1959 333 2025 omnibus
366 1960 462 2024 rebus
495 1959 593 2041 absit,
625 1978 682 2022 cur
712 1958 881 2041 pecuniam
914 1979 1140 2044 magnopercn

50 2069 85 2118 90
104 2048 264 2113 desideret
291 2047 343 2112 vel
370 2048 477 2129 potius
505 2067 561 2110 cur
584 2047 674 2109 curet
701 2044 854 2110 omnino?
898 2045 954 2110 An
977 2045 1108 2130 Scythes

104 2134 301 2199 Anacharsis
319 2135 427 2218 potuit
443 2156 502 2217 pro
520 2132 624 2197 nihilo
648 2133 818 2215 pecuniam
835 2132 964 2216 ducere,
988 2138 1107 2201 nostra·

103 2228 153 2287 tes
185 2221 373 2306 philosophi
399 2220 505 2285 facere
532 2242 598 2286 non
624 2219 798 2304 poterunt?
846 2219 941 2284 Illius
977 2222 1109 2304 epistula

104 2309 207 2375 fertur
228 2308 281 2373 his
303 2308 424 2373 verbis:
456 2307 710 2373 ‘Anacharsis
732 2306 912 2373 Hannoni
941 2310 1109 2374 salutem.

104 2397 199 2463 Mihi
231 2396 391 2463 amictui
424 2400 482 2461 est
508 2394 732 2478 Scythicum
758 2396 941 2480 tegimen,
971 2398 1142 2461 calcia-a

104 2489 270 2550 mentum
301 2486 468 2549 solorum
497 2484 650 2567 callum,
678 2482 808 2547 cubile
835 2486 952 2566 terra,
979 2485 1110 2568 pulpa·

105 2578 271 2638 mentum
311 2571 445 2653 fames,
485 2572 601 2655 lacte,
641 2592 768 2654 caseo,
813 2592 925 2634 carne
972 2593 1110 2637 vescor.

105 2661 229 2737 Quare
251 2663 294 2725 ut
316 2659 362 2725 ad
385 2659 554 2743 quietum
576 2679 632 2722 me
654 2658 750 2722 licet
772 2658 913 2723 venias.
957 2657 1111 2724 Munera

105 2751 231 2813 autam
258 2748 350 2827 ista,
382 2746 520 2830 quibus
548 2767 586 2810 es
615 2744 844 2828 delectatus,
876 2747 936 2811 vel
964 2747 1110 2811 civibus

105 2837 184 2900 tuis
220 2837 282 2900 vel
317 2835 375 2899 dis
412 2833 695 2899 immortalibus
728 2832 845 2898 dona?
896 2833 1016 2898 Omnes
1048 2835 1146 2899 feren

104 2922 290 3008 philosophi
319 2923 463 2986 omnium
494 2921 750 3004 disciplinarum,
780 2921 844 2985 nisi
872 2943 953 3004 quos
981 2943 1002 2986 a
1027 2926 1112 2986 recta

104 3011 230 3076 ratione
257 3011 374 3073 natura
401 3009 518 3074 vitiosa
545 3008 747 3091 detorsisset,
775 3009 886 3073 eodem
912 3007 976 3074 hoc
1006 3011 1131 3087 animo,

52 3120 84 3168 91
106 3120 176 3164 esse
198 3099 382 3181 potuerunt.
431 3095 591 3181 Socrates,
618 3097 653 3160 in
680 3117 801 3181 pompa
822 3117 895 3162 cum
922 3118 1044 3182 magna
1065 3097 1113 3161 ris

105 3187 175 3252 auri
207 3183 396 3270 argentique
424 3184 575 3268 ferretur,
605 3182 737 3259 ‘Quam
765 3186 887 3248 multa
908 3205 987 3248 non
1015 3184 1114 3250 desi·

104 3272 222 3339 derol'
245 3271 358 3355 inquit.
402 3269 614 3355 Xenocrates,
644 3293 717 3336 cum
740 3271 840 3356 legati
863 3271 904 3335 ab
927 3270 1112 3337 Alexandro
1125 3292 1149 3334 a

104 3360 339 3446 quinquaginta
362 3359 392 3423 ei
414 3359 536 3424 talenta
558 3359 757 3443 attulissent,
780 3380 862 3444 quae
883 3361 954 3423 erat
975 3360 1113 3442 pecnnia

103 3448 304 3535 temporibus
323 3447 404 3535 illis,
421 3446 558 3510 Athenis
577 3447 777 3533 praesertim,
799 3467 961 3532 maxuma,
979 3447 1114 3512 abduxit
