2346 3876
102 137 166 202 136
264 137 313 192 DE
332 135 476 192 FINIBUS
494 135 674 192 BONORUM
692 136 740 193 ΕΤ
758 135 944 191 MALORUM

100 300 159 363 illa
177 299 304 383 quidem
324 299 500 382 depravata
518 299 604 362 mala
623 298 807 381 disciplina,
830 297 888 363 sed
905 301 1025 362 natura
1047 320 1112 362 sua.

100 386 169 451 Nec
200 408 276 451 uero
308 391 345 452 nt
376 386 579 469 voluptatem
606 389 748 470 expetat,
775 390 895 451 natura
926 389 1036 450 movet
1064 387 1111 451 in·

100 475 239 558 fantem,
267 464 323 540 sed
349 479 478 539 tantum
506 476 543 538 ut
569 495 603 538 se
630 474 700 558 ipse
730 474 857 560 diligat,
885 479 924 539 nt
949 474 1110 559 integrum

103 584 137 627 sc
165 564 352 647 salvumque
378 563 465 628 velit
519 560 622 626 Omne
649 562 735 626 enim
766 563 899 646 animal,
932 562 1031 627 simul
1065 566 1111 626 est

102 655 223 730 ortum,
260 655 293 716 et
328 673 362 716 se
397 650 505 734 ipsum
537 653 571 714 et
594 664 713 714 'omnes
750 655 859 734 partes
897 672 973 714 suas
1008 650 1111 735 diligit
1125 676 1155 717 ε

102 739 258 823 duasque,
285 761 367 824 qnae
394 739 553 803 maximae
582 742 670 820 sunt,
697 738 732 802 in
758 739 875 822 primis
898 738 1111 822 amplectitur,

103 829 248 891 animum
281 833 314 892 et
346 849 476 910 corpus,
510 825 623 890 deinde
655 827 822 911 utriusque
854 830 973 910 partes.
1029 825 1110 892 Nam

103 919 178 980 sunt
206 919 239 980 et
265 915 300 980 in
327 915 436 980 animo
463 915 637 998 praecipua
665 914 823 997 quaedam
850 917 884 979 et
910 915 1111 998 incorpore,

103 1025 185 1088 quae
213 1025 286 1068 cum
312 1002 427 1068 leviter
455 1003 602 1087 agnovit,
631 1006 702 1066 tum
725 1003 905 1067 discernere
926 1002 1055 1086 incipit,
1076 1005 1110 1066 ut

103 1113 154 1175 ea,
177 1113 259 1176 quae
281 1091 388 1174 prima
410 1091 486 1155 data
509 1091 575 1155 sint
596 1094 725 1174 natura,
754 1095 887 1175 appetat
910 1095 1109 1175 aspernetur·
1134 1114 1154 1153 ι

49 1199 85 1247 34
103 1201 164 1262 qne
197 1178 368 1244 contraria.
422 1177 461 1242 In
491 1178 544 1242 his
575 1178 689 1262 primis
723 1179 927 1255 naturalibus
963 1180 1111 1262 voluptas

103 1266 183 1331 insit
207 1288 320 1350 necne,
347 1286 467 1350 magua
494 1267 641 1350 'quaestio
670 1268 729 1331 est.
777 1266 870 1332 Nihil
896 1287 974 1331 vero
1000 1271 1111 1351 putare

104 1377 174 1419 esse
200 1358 329 1438 praeter
360 1355 575 1439 voluptatem,
606 1375 673 1419 non
703 1356 862 1438 membra,
893 1376 960 1420 nou
994 1376 1112 1438 sensus,

102 1465 168 1507 non
195 1443 317 1526 ingenii
344 1446 482 1527 motum,
513 1464 578 1507 non
604 1443 825 1526 integritatem
858 1444 1017 1527 corporis,
1049 1464 1112 1507 non

104 1531 334 1614 valetudinem,
362 1553 506 1596 summae
533 1531 615 1595 mihi
641 1531 768 1596 videtur
798 1531 955 1596 inscitiae.
1006 1532 1111 1616 Atque
1132 1548 1155 1590 ι(

104 1620 145 1684 ab
177 1620 241 1685 isto
274 1620 378 1702 capite
410 1619 508 1684 fluere
543 1640 672 1684 necesse
705 1624 754 1684 est
790 1641 917 1684 omnem
953 1621 1111 1685 rationem

104 1708 261 1774 bonorum
285 1711 317 1772 et
339 1709 509 1772 malornm.
553 1706 721 1772 Polemoni
744 1711 777 1772 et
798 1709 865 1771 iam
888 1711 963 1772 ante
988 1707 1111 1773 Aristo·

103 1797 161 1861 teli
184 1817 223 1860 ea
243 1796 351 1879 prima
373 1795 445 1860 visa
467 1799 556 1878 sunt,
579 1817 660 1879 qnae
683 1795 781 1879 paulo
806 1800 880 1860 ante
904 1795 981 1860 dixi.
1025 1795 1111 1881 Ergo

103 1889 182 1948 nata
209 1888 259 1949 est
286 1884 447 1948 sententia
470 1886 616 1948 veterum
638 1883 904 1949 Academicorum
928 1887 962 1949 et
984 1884 1112 1968 Peripa·

104 1972 287 2054 teticorum,
314 1975 351 2034 ut
378 1972 474 2037 finem
501 1972 660 2037 bonorum
687 1972 830 2037 dicerent
857 1972 1032 2037 secundum
1060 1993 1110 2037 na·
1125 1991 1155 2032 ar

104 2063 212 2124 turam
238 2059 358 2143 vivere,
385 2061 419 2125 id
446 2065 497 2125 est
523 2061 644 2125 virtute
676 2060 822 2124 adhibita
852 2060 918 2124 frui
949 2061 1065 2145 primis
1093 2082 1111 2123 a

103 2152 221 2213 natura
244 2147 336 2212 datis.
373 2146 523 2232 Callipho
543 2149 584 2213 ad
602 2149 754 2213 virtutem
778 2148 862 2213 nihil
886 2149 1036 2213 adiunxit
1052 2148 1112 2212 uisi

103 2236 318 2320 voluptatem,
347 2237 508 2302 Diodorus
532 2237 725 2301 vacuitatem
752 2237 871 2302 doloris
874 2283 1015 2302 .......
1054 2235 1109 2300 His

105 2325 269 2409 omnibns,
292 2347 371 2409 quos
395 2325 474 2409 dixi,
496 2328 727 2409 consequentes
746 2329 822 2390 sunt
843 2325 924 2388 fines
948 2325 1111 2407 bonorum,

104 2412 273 2498 Aristippo
292 2414 428 2497 simplex
446 2413 610 2496 voluptas,
634 2411 751 2478 Stoicis
770 2412 952 2478 consentire
969 2418 1139 2494 naturaque

105 2502 190 2585 quod
222 2523 291 2567 esse
320 2503 434 2568 volunt
461 2523 479 2566 e
505 2503 638 2581 virtute,
670 2502 705 2566 id
737 2506 787 2566 est
817 2500 966 2582 honeste,
999 2503 1109 2583 vivere,

105 2591 189 2673 quod
207 2591 255 2655 ita
273 2592 540 2674 interpretantur:
554 2590 662 2654 vivere
676 2612 749 2654 cnm
767 2589 991 2673 intellegentia
1008 2609 1109 2665 rerum

106 2700 228 2762 earum,
264 2700 346 2762 quae
377 2683 494 2742 natura
526 2677 703 2761 evenirent,
740 2677 913 2762 eligentem
946 2699 998 2761 ea,
1034 2697 1110 2762 quae

105 2768 213 2830 essent
250 2767 424 2831 secundum
458 2769 622 2850 naturam,
657 2765 905 2849 reicientemque
942 2765 1110 2831 contraria

51 2872 86 2920 35
104 2852 157 2917 Ita
178 2857 245 2917 tres
269 2857 345 2918 sunt
366 2854 447 2918 fines
467 2858 611 2936 expertes
629 2854 825 2936 honestatis,
847 2874 930 2917 unus
953 2852 1142 2938 Aristippia

106 2941 156 3004 vel
185 2941 331 3024 Epicuri,
359 2943 441 3006 alter
467 2941 672 3024 Hieronymi,
701 2939 859 3007 Carneadi
881 2942 1012 3020 tertius,
1039 2946 1112 3023 tres,

104 3029 277 3112 inquibus
300 3029 453 3094 honestas
476 3053 549 3095 cnm
571 3029 680 3113 aliqua
703 3029 898 3111 accessione,
920 3029 1113 3110 Polemonis,

101 3114 335 3207 Calliphontis,
357 3117 505 3202 Diodori,
528 3140 592 3182 nna
611 3119 760 3202 simplex,
781 3117 870 3182 cuins
889 3117 976 3182 Zeno
995 3121 1114 3197 auctor,

104 3205 213 3287 posita
245 3205 279 3269 in
314 3206 427 3271 decore
456 3211 541 3289 tota,
572 3205 606 3270 id
640 3211 690 3271 est
723 3207 758 3270 in
792 3206 971 3271 honestate.
1029 3205 1113 3271 Nam

104 3292 244 3376 Pyrrho,
266 3292 391 3372 Aristo,
414 3293 539 3358 Erillus
561 3295 626 3358 iam
650 3295 704 3359 diu
726 3294 852 3358 abiecti.
896 3293 1028 3377 Reliqui
1051 3294 1150 3359 sibico

104 3381 330 3462 constiterunt,
358 3385 396 3446 ut
422 3386 567 3446 extrema
599 3404 672 3447 cum
700 3382 801 3447 initiis
829 3381 1052 3467 convenirent,
1079 3386 1115 3447 nt

102 3466 272 3554 Aristippo
295 3470 460 3554 voluptas,
483 3469 684 3554 Hieronymo
707 3470 829 3535 doloris
852 3469 1013 3556 vacuitas,
1036 3467 1116 3535 Car·
