2346 3876
293 152 362 208 Lm.
381 154 402 208 ι
430 152 507 208 cnr.
528 161 574 223 10,
595 161 636 209 11.
664 159 771 220 ιιι-
777 161 819 210 ιι.
1021 154 1063 216 17

51 313 229 399 tquidem3
244 315 309 379 erit
318 315 403 380 enim
417 318 454 379 ut
439 315 595 380 t'endum
585 337 621 380 m
634 317 758 418 reliquo
769 338 914 382 sermone
925 316 1063 399 saepius.

54 399 114 466 Sed
133 403 176 466 ad
194 401 290 486 haec,
312 424 394 486 quae
412 402 483 468 visa
500 407 576 467 sunt
594 408 628 468 et
645 405 738 488 quasi
757 409 889 489 accepta
907 404 1064 486 sensibus,

54 489 282 554 adsensionem
310 489 456 575 adiungit
485 491 679 570 animorum,
711 513 809 576 quam
836 513 905 556 csse
932 492 1064 556 vultin

54 578 148 642 nohis
179 579 325 661 positam
356 581 389 642 et
420 578 644 643 voluntariam.
698 578 788 644 Visis
819 600 884 644 non
914 578 1063 643 omnibus
1082 592 1116 639 41

34 665 254 749 sadiungebat
271 665 382 748 fidem,
404 665 499 730 sed''
477 687 517 730 ns
537 666 656 750 solum,
679 688 759 750 quae
777 667 943 750 propriam
965 687 1063 750 quan·

58 751 128 817 darn
150 752 313 817 haberent
334 752 584 818 declarationem
606 775 716 818 earum
736 776 853 838 rerum,
874 775 955 838 quae
977 753 1063 817 vide-

57 844 180 923 rentur,
203 840 237 904 id
260 844 370 904 autem
391 841 496 906 visum
514 863 587 905 cum
609 841 715 925 ipsum
739 864 798 925 per
817 864 852 907 se
874 843 1065 942 cerneretur,

60 887 363 1012 ιοιιιριθιιιιιιιιθ
380 964 425 976 -
443 927 579 1014 (Feretis
596 928 681 994 hoc?
718 928 787 994 Nos
806 951 896 1013 vero,
918 930 1064 1013 inquam,

61 1037 198 1099 quonam
230 1015 317 1080 enim
348 1016 412 1081 alio
444 1017 540 1081 modo
576 1013 785 1100 καταληπτόν
818 1016 975 1103 diceres‘l)
1010 1017 1065 1081 sed

34 1125 126 1168 uocum
146 1106 318 1186 acceptum
333 1104 400 1168 iam
418 1107 452 1168 et
470 1104 684 1188 approbatum
702 1109 800 1188 esset,
819 1105 1066 1189 comprehen-

62 1191 204 1257 sionem
236 1191 436 1275 appellabat,
468 1191 607 1256 similem
637 1193 677 1256 iis
708 1193 821 1276 rebus,
856 1215 938 1277 quae
968 1214 1066 1256 manu

61 1279 304 1362 prenderentur3
327 1300 366 1343 ex
388 1301 452 1363 quo
474 1279 574 1343 etiam
595 1301 714 1345 nomen
735 1280 799 1347 hoc
821 1281 971 1364 duxerat,
993 1302 1066 1344 cum

63 1387 93 1430 eo
110 1367 215 1431 verbo
234 1369 331 1430 antea
347 1388 442 1431 nemo
459 1367 521 1431 tali
541 1368 575 1431 in
592 1389 626 1431 re
644 1390 721 1432 usus
740 1372 838 1452 esset,
855 1368 1066 1452 plurimisque

62 1452 141 1518 idem
158 1454 257 1518 novis
275 1454 381 1519 verbis
400 1451 500 1540 (nova
519 1456 605 1518 enim
622 1453 764 1542 dicebat)
783 1478 861 1520 usus
878 1460 937 1521 est.
973 1455 1066 1531 Quod

35 1545 167 1606 sautem
190 1545 263 1606 erat
284 1563 381 1606 sensu
404 1563 642 1627 comprensum,
664 1543 698 1607 id
716 1544 823 1626 ipsum
842 1564 992 1607 sensum
1012 1565 1066 1625 ap-

63 1629 213 1712 pellabat,
232 1632 274 1712 et,
292 1630 320 1694 si
333 1630 382 1694 ita
395 1633 465 1694 erat
482 1651 716 1714 comprensum,
733 1634 771 1694 ut
788 1630 925 1695 convelli
941 1629 1066 1694 ratione

62 1736 124 1781 non
159 1720 286 1801 posset,
324 1717 541 1801 scientiam,
581 1717 632 1782 sin
673 1717 780 1802 aliter,
821 1717 1067 1783 inscientiam

62 1805 265 1889 nominabat3
301 1825 341 1869 ex
376 1827 441 1889 qua
475 1768 645 1870 exsisteret
678 1806 775 1870 etiam
790 1805 952 1958 topinio,
986 1826 1067 1888 quae

63 1895 145 1957 esset
179 1892 409 1957 imbecillat
377 1896 409 1957 et
442 1915 515 1958 cum
553 1893 678 1958 falso
667 1893 896 1978 incognitoque
928 1914 1068 1957 commu·

34 1980 118 2046 unis.
169 1977 234 2044 Sed
260 1980 345 2044 inter
372 1981 542 2046 scientiam
569 1985 602 2044 et
628 1981 830 2046 inscientiam
861 1979 1067 2081 comprehen-
1086 1992 1140 2041 42

63 2068 187 2132 sionem
204 2067 317 2169 illam„
332 2090 429 2151 quam
446 2068 528 2168 dixi,
549 2069 738 2153 collocabat,
761 2090 895 2152 eamque
912 2089 1015 2153 neque
1033 2068 1069 2132 in

61 2157 158 2220 rectis
180 2176 285 2240 neque
307 2155 342 2220 in
363 2156 473 2240 pravis
489 2156 695 2239 numerabat,
717 2157 773 2220 sed
796 2157 860 2223 soli
878 2156 1069 2221 credendum

62 2263 132 2308 csse
150 2243 292 2308 dicebat.
337 2242 624 2327 Equosensibus
651 2245 749 2308 etiarn
775 2245 872 2308 fidem
894 2243 1069 2325 tribuebat,

62 2330 163 2414 quod,
189 2333 227 2394 ut
254 2353 352 2414 supra
378 2331 459 2413 dixi,
487 2331 727 2415 comprehensio
754 2331 843 2397 facta
866 2331 1014 2397 sensibus
1038 2333 1070 2394 ct

34 2439 141 2483 svera
168 2439 240 2483 esse
266 2417 317 2482 illi
345 2422 378 2482 et
403 2418 507 2482 fidelis
534 2418 717 2502 videbatur,
743 2441 810 2484 non
839 2418 925 2503 quod
953 2418 1070 2499 omnia,

64 2526 147 2591 quae
178 2509 287 2571 essent
317 2506 351 2571 in
382 2527 431 2584 rs,
462 2504 759 2591 comprehenderet,
791 2505 847 2570 sed
878 2506 953 2589 quia
978 2504 1071 2588 nihil,

63 2592 151 2677 quod
187 2593 299 2658 cadere
339 2593 374 2658 in
410 2614 482 2658 eam
517 2598 641 2678 posset,
676 2593 883 2677 relinqueret,
923 2592 1071 2676 quodque

63 2683 184 2747 natura
221 2682 314 2765 quasi
348 2702 498 2746 normam
533 2681 686 2746 scientiae
723 2685 755 2745 et
788 2680 982 2765 principium
1021 2680 1071 2745 sui

64 2767 221 2852 dedisset,
247 2768 331 2833 unde
359 2772 474 2853 postea
498 2770 647 2834 notiones
674 2790 782 2833 rerum
808 2769 843 2833 in
870 2768 987 2833 animis
1012 2769 1070 2832 im·

34 2857 291 2940 reprimerentur,
309 2877 326 2920 e
344 2857 460 2941 quibus
477 2878 544 2921 non
560 2857 720 2941 principia
733 2858 846 2940 solum,
865 2856 921 2920 sed
939 2856 1071 2921 latiores

64 2943 226 3027 quaedam
253 2943 293 3008 ad
321 2944 482 3010 rationem
511 2945 735 3009 inveniendam
761 2944 835 3008 viae
862 2944 1071 3027 aperirentur.

64 3028 220 3096 Errorcm
257 3034 365 3096 autam
401 3036 434 3096 et
469 3032 685 3096 temeritatem
716 3035 749 3096 et
783 3031 1004 3116 ignorantiam
1040 3037 1072 3097 et

66 3119 303 3204 opinationem
319 3123 351 3183 et
382 3119 596 3203 suspicionem
624 3123 657 3183 et
692 3141 757 3184 nno
793 3120 922 3184 nomine
955 3120 1073 3202 omnia,

66 3227 149 3293 quae
176 3211 287 3271 essent
318 3207 425 3271 aliena
449 3207 560 3271 firmae
592 3210 625 3270 et
656 3208 832 3272 constantis
864 3206 1072 3288 adsensionis,

34 3314 88 3358 ua
106 3294 230 3360 virtute
254 3295 473 3379 sapientiaque
496 3295 692 3359 removebat.
740 3293 880 3378 Atque'
870 3317 905 3358 ιιι
931 3294 983 3357 his
1005 3292 1072 3356 fere

67 3382 278 3447 commutatio
312 3382 458 3448 constitit
493 3382 598 3447 omnis
630 3381 850 3465 dissensioque
882 3378 1019 3444 Zenonis
1052 3400 1072 3442 a

67 3469 298 3554 superioribus.

119 3581 226 3624 crum
243 3581 261 3619 ι,
912 3581 936 3633 q
