2346 3876
298 156 366 214 Lm.
385 155 420 212 11.
448 154 525 210 cAP.
544 159 667 211 so-ea
696 159 870 222 §es-102.
923 139 925 142 ’
1049 156 1092 219 65

82 318 140 384 sed
163 317 384 402 similiaver15
407 339 489 402 quae
506 318 569 383 nisi
591 318 717 402 probet,
740 318 844 382 omnis
858 294 928 383 uita
950 318 1093 382 tollatur.

84 406 167 484 Quid
191 405 301 470 enim?
334 404 550 471 conscendens
577 427 694 470 navem
722 406 850 490 sapiens
877 427 955 470 num
987 428 1071 471 eom·
1097 425 1148 476 100

25 553 28 557 .
82 495 281 580 prehensum
304 495 412 558 animo
442 494 542 560 habet
570 497 666 578 alque
693 498 881 578 perceptum
905 515 938 557 se
962 516 1001 559 ex
1024 517 1094 559 sen·

69 583 189 648 ‘tentia
211 581 469 668 navigaturum?
485 583 543 667 qui
564 581 693 666 potest?
746 581 810 647 Sed
832 583 861 646 si
883 582 948 646 iam
972 603 1011 645 ex
1033 582 1096 648 hoe

59 672 156 738 slooo
185 671 412 756 proficiscatur
432 670 588 735 Puteolos
612 670 718 736 stadia
747 670 884 754 triginta
914 671 1015 754 probo
1038 692 1094 735 na·

83 760 294 913 ζέᾖῇᾖθῖἓ
314 758 1095 912 ᾖῇᾖθῇᾖὲᾖῇᾖ3,ξῇηέᾖῇᾖῇᾖῇᾖῇξὲὒῇἑῇ

83 937 187 1021 igitur
210 935 291 1000 visis
315 935 452 1000 oonsilio
479 936 584 1020 eapiet
611 938 644 999 εῇ
676 936 793 1021 agendi
823 939 856 1000 εῇ
882 956 949 1001 non
979 936 1095 1020 agendi

83 1023 275 1108 faciliorque
298 1023 374 1107 erit,
406 1028 443 1088 ut
470 1024 579 1088 albam
603 1045 673 1089 esse
700 1024 809 1088 nivem
837 1025 966 1108 probet,
1000 1045 1095 1107 quam

53 1116 155 1177 uerat
177 1111 407 1196 Anaxagoras,
436 1113 492 1196 qui
514 1112 548 1176 id
569 1132 636 1177 non
658 1112 754 1178 modo
781 1113 829 1177 ila
851 1134 921 1177 esse
943 1113 1096 1198 negabat,

85 1201 139 1266 aed
168 1201 248 1284 sibi,
280 1201 357 1284 quia
384 1199 481 1265 seiret
503 1222 620 1285 aquam
646 1201 773 1285 nigram
804 1223 888 1284 esse,
920 1201 1005 1265 unde
1038 1201 1096 1264 illa

85 1291 236 1355 oonoreto
260 1291 356 1372 esset,
388 1289 497 1354 albam
526 1289 631 1372 ipsam
660 1310 730 1354 esse
756 1311 797 1353 ne
820 1289 922 1354 videri
953 1290 1095 1374 quidem,

10 1422 18 1431 -
85 1381 125 1462 εῇ,
139 1397 361 1463 quaecumque
374 1399 426 1442 res
440 1399 514 1442 eum
533 1378 580 1442 sio
595 1378 743 1463 attinget,
757 1381 794 1443 ub
811 1379 854 1442 sii
868 1379 972 1442 visum
991 1379 1073 1442 illud
1097 1394 1145 1442 101

10 1542 13 1549 Ι
86 1465 258 1550 probabile
279 1485 384 1550 neque
406 1466 475 1530 ulla
496 1488 533 1531 re
555 1465 753 1549 impeditum,
782 1466 973 1531 movebitur.
1018 1465 1095 1531 Non

10 1558 14 1627 ’,
56 1555 174 1619 neuim
198 1557 250 1619 est
273 1575 290 1618 e
314 1575 392 1619 saxo
415 1553 559 1638 sculptus
584 1557 640 1618 aut
662 1575 679 1618 e
701 1554 817 1619 robore
841 1554 977 1636 dolatus,
995 1553 1095 1618 habeb

88 1664 218 1727 eorpus,
240 1641 342 1706 habeb
364 1642 519 1725 animum,
541 1645 690 1708 movetur
712 1645 833 1725 mente,
856 1646 1004 1707 movetur
1027 1663 1095 1705 sen-

87 1732 190 1816 sibus,
232 1733 270 1795 ιιῇ
306 1731 336 1794 ei
372 1753 448 1796 vera
483 1730 587 1795 mulla
622 1730 805 1814 videantur,
842 1751 946 1815 neque
986 1733 1096 1794 tamen

85 1819 208 1884 babere
229 1818 394 1903 insignem
411 1819 503 1884 illam
526 1822 559 1883 εῇ
576 1819 743 1903 propriam
760 1818 957 1903 percipiendi
970 1821 1096 1901 nolam,

87 1929 187 1994 eoque
212 1907 392 1992 sapientem
419 1929 486 1973 non
513 1907 682 1991 adsentiri,
714 1909 789 1992 quia
821 1907 927 1990 possit
954 1907 1096 1972 eiusdem

58 1997 174 2063 smodi
199 1995 355 2061 exsistere
377 1995 496 2061 falsum
511 1995 651 2080 aliquod,
674 1995 763 2060 ouius
786 1995 874 2061 modi
896 1996 958 2060 hoe
976 2018 1096 2061 verum.

88 2083 202 2171 Neque
224 2105 286 2149 nos
310 2087 424 2149 eontra
446 2106 558 2149 sensus
582 2084 678 2149 aliter
701 2084 837 2148 dieimus
857 2106 894 2148 ao
913 2083 1024 2168 stoici,
1043 2085 1097 2168 qui

89 2174 192 2238 multa
214 2172 301 2237 falsa
323 2193 394 2237 esse
416 2173 528 2239 dieunt
549 2174 709 2258 longeque
733 2173 827 2238 aliter
850 2195 885 2237 se
907 2173 1036 2256 habere,
1059 2194 1097 2237 ao

89 2263 239 2328 sensibus
263 2260 443 2326 videantur.

120 2372 123 2377 ·
150 2348 226 2415 Hoe
258 2353 366 2414 aulem
396 2350 424 2414 si
456 2350 504 2414 iia
536 2351 592 2434 sit,
624 2352 661 2413 ut
692 2372 792 2416 unum
820 2350 915 2416 modo
948 2350 1096 2414 sensibus
1107 2346 1150 2410 32

59 2437 208 2504 ufalsum
234 2438 394 2523 rideatur,
425 2442 553 2521 praesto
590 2442 652 2522 est,
681 2439 735 2522 qui
766 2442 864 2523 negeb
895 2460 964 2502 rem
995 2438 1096 2502 ullam

88 2526 210 2611 peroipi
239 2547 335 2610 posse
367 2526 524 2591 sensibus
568 2525 620 2591 Ita
642 2527 737 2592 nobis
766 2526 947 2591 tacentibus
972 2547 1010 2589 ex
1032 2547 1096 2590 uno

87 2613 221 2699 Ilpieuri
244 2614 365 2698 eapite,
389 2614 491 2680 altero
513 2618 622 2680 vestro
644 2615 808 2699 perceptio
832 2618 866 2680 εῇ
888 2613 1097 2698 eomprehen-

89 2703 134 2768 sio
166 2702 307 2768 tollitur.
351 2701 446 2779 Quod
478 2705 529 2767 εεῇ
560 2706 657 2787 eaput
685 2702 842 2787 Epicuri?
888 2701 944 2768 ‘Si
975 2702 1097 2767 ullum

90 2811 226 2856 sensus
245 2790 368 2855 visum
391 2789 533 2855 falsum
553 2793 624 2875 εεῇ,
646 2791 746 2856 nibil
768 2791 917 2875 percipi
939 2789 1096 2876 potest?

60 2877 371 2955 oQuodvestrum?
417 2877 531 2943 ‘Sunt
562 2878 664 2944 falsa
693 2901 830 2945 sensus
858 2879 968 2944 visa?
1015 2879 1097 2956 Quid

91 2966 257 3052 sequitur?
302 2965 689 3051 Uttaceam,00n01usio
712 2969 784 3052 ipsa
806 2969 958 3053 loquitur,
982 2967 1097 3032 ‘nihil

89 3076 202 3139 posse
225 3054 406 3140 percipi?
442 3055 518 3121 Non
532 3056 680 3140 concedo,
693 3057 808 3142 inquit,
821 3056 972 3141 Epicuro.
1000 3055 1098 3121 Certa

90 3143 189 3229 igitur
203 3165 278 3209 eum
295 3144 353 3209 illo
354 3145 516 3229 qui
450 3166 516 3209 a
534 3149 621 3211 bolus
640 3144 785 3211 diversus
799 3150 860 3230 esl3
879 3146 948 3211 noli
963 3166 1097 3225 meeum,

91 3233 142 3316 qui
171 3232 237 3298 hoo
259 3232 389 3318 quidem
412 3236 524 3318 uerte,
542 3233 617 3298 falsi
640 3255 707 3298 esse
731 3234 891 3319 aliquid
881 3258 916 3299 m
939 3233 1097 3314 sensibus,

10 3368 15 3405 3
60 3320 151 3385 ebibi
185 3321 359 3386 adsentior
403 3321 606 3407 Quamquam
637 3323 719 3387 nihil
751 3322 831 3386 mibi
861 3325 930 3386 tam
958 3321 1075 3384 mirum
1100 3345 1152 3396 102

92 3398 231 3475 videtur
240 3431 336 3495 quem
359 3410 423 3475 ista
446 3411 517 3496 diei,
547 3412 588 3476 ab
610 3408 679 3474 Ant
665 3411 774 3476 iioeho
798 3410 926 3495 quidem
949 3409 1098 3485 maxime,

26 3570 36 3625 ⁴
93 3497 141 3561 oui
164 3503 260 3563 erant
282 3520 334 3582 ea,
356 3521 438 3583 quae
454 3499 556 3584 paulo
578 3501 655 3566 aule
679 3499 761 3590 dixi,
781 3498 973 3568 nobissima
1008 3457 1115 3563 liud

10 3630 36 3715 l·
135 3616 272 3658 erasm
884 3612 906 3663 b
