2346 3876
310 153 378 208 nm.
397 130 522 208 chnP.
543 157 663 210 ra-ao.
691 159 846 220 sse-se.
1019 153 1085 218 445

78 314 177 379 morti
200 314 265 377 iam
288 314 352 396 ipsi
376 314 562 379 adventanti
584 315 717 398 paulum
735 315 907 397 procedere
926 315 967 379 ob
990 316 1086 398 riam,

78 402 164 486 quod
187 401 264 466 fecit
286 400 435 485 Catulus,
463 424 559 486 quam
583 404 668 486 quod
690 402 826 484 Marius,
853 403 931 466 talis
954 403 1016 466 viri
1038 404 1085 467 in-

78 491 177 554 teritu
202 512 257 553 sex
282 512 356 555 suos
380 490 516 554 obruere
540 491 724 555 consulatus
743 493 776 554 et
793 491 1012 556 contaminare
1034 512 1085 554 ex-

78 583 217 641 tremum
240 581 369 661 tempus
393 579 518 642 aetatis.

51 690 64 731 s
146 665 473 750 Duodequadraginta
500 687 600 731 annos
628 668 787 749 tyrannus
811 664 1086 749 Syracusanorum

77 754 142 817 fuit
169 753 359 836 Dionysius,
388 775 460 817 eum
488 755 627 837 quinque
656 757 688 818 et
715 754 831 839 viginti
858 757 953 818 natus
984 776 1085 820 annos

79 842 282 905 dominatum
310 842 537 924 occupavisset.
592 840 664 916 Qua
695 842 932 925 pulchritudine
964 843 1087 925 urbem,

78 929 195 1012 quibus
228 933 335 994 autem
365 929 480 1012 opibus
507 929 688 1012 praeditam
715 930 869 994 servitute
899 951 1086 1014 oppressam

77 1017 185 1080 tenuit
221 1018 398 1081 civitatem!
456 1017 558 1100 Atqui
599 1017 637 1080 de
674 1017 735 1082 hoc
770 1017 900 1083 homine
937 1040 956 1097 a
992 1019 1085 1083 bonis

34 1131 64 1170 ιο
78 1105 266 1169 auctoribus
298 1105 344 1168 sic
376 1105 531 1187 scriptum
563 1105 757 1189 accepimus,
794 1127 954 1170 summam
987 1105 1086 1170 fuisse

79 1193 149 1256 eius
187 1192 221 1255 in
257 1192 345 1256 victu
380 1193 628 1274 temperantiam
664 1193 699 1257 in
740 1194 899 1276 rebusque
935 1194 1087 1278 gerundis

78 1281 186 1344 virum
210 1302 316 1344 acrem
341 1283 372 1343 et
394 1280 602 1364 industrium,
625 1281 760 1345 eundem
779 1285 890 1345 tamen
908 1283 1087 1347 maleficum

78 1372 198 1432 natura
221 1372 253 1432 et
276 1368 439 1433 iniustum.
481 1368 531 1432 Ex
554 1390 617 1452 quo
641 1369 789 1434 omnibus
812 1369 895 1433 bene
917 1371 1087 1434 veritatem

78 1457 280 1520 intuentibus
303 1456 405 1520 videri
431 1476 561 1520 necesse
590 1459 640 1519 est
662 1457 886 1521 miserrimum.
930 1455 980 1520 lla
1003 1459 1088 1522 enim

34 1572 63 1611 15
79 1546 166 1627 ipsa,
193 1566 273 1627 quae
301 1544 519 1626 concupierat,
546 1565 586 1607 ne
612 1547 682 1607 tum
711 1544 852 1627 quidem,
880 1566 952 1608 curn
980 1546 1088 1609 omnia

80 1655 115 1696 se
147 1654 241 1714 posse
273 1633 435 1713 censebat,
475 1631 736 1716 consequebatur.
796 1632 857 1708 Qui
894 1654 965 1696 cum
1002 1637 1087 1697 esset
1105 1644 1139 1694 58

78 1720 176 1784 bonis
194 1720 381 1803 parentibus
401 1724 497 1803 atque
514 1719 651 1784 honesto
671 1719 742 1784 loco
757 1723 853 1783 natus
875 1719 950 1804 (etsi
969 1720 1002 1783 id
1019 1721 1087 1804 qui·

80 1809 154 1871 dem
173 1808 254 1870 alius
276 1808 340 1872 alio
364 1808 458 1872 modo
481 1805 630 1893 tradidit)
654 1807 894 1892 abundaretque
917 1812 949 1872 et
972 1828 1086 1892 aequa·

79 1897 160 1959 lium
191 1895 468 1959 familiaritatibus
501 1899 534 1958 et
564 1895 795 1960 consuetudine
826 1896 1088 1979 propinquorum,

36 1984 217 2051 rehaberet
248 1984 345 2046 etiam
377 2005 465 2047 more
499 1982 651 2048 Graeciae
688 1983 843 2068 quosdam
876 1983 1088 2048 adulescentis

82 2092 192 2135 amore
225 2073 424 2152 coniunctos,
462 2071 613 2135 credebat
643 2093 754 2146 eorum
785 2071 920 2149 nemini,
953 2072 1008 2135 sed
1039 2072 1088 2154 iis,

82 2180 163 2242 quos
188 2181 226 2222 ex
248 2159 380 2222 familiis
404 2158 614 2242 locupletium
637 2181 745 2224 servos
769 2159 945 2243 delegerat,
971 2160 1088 2244 quibus

81 2268 201 2312 nomen
228 2247 392 2311 servitutis
419 2247 488 2329 ipse
515 2247 710 2332 detraxerat,
738 2250 770 2310 et
800 2248 992 2330 quibusdam
1015 2269 1089 2312 con·

82 2336 172 2399 renis
201 2338 233 2399 et
259 2335 337 2399 feris
365 2334 512 2398 barbaris
539 2336 682 2418 corporis
710 2336 887 2399 custodiam
910 2336 1088 2400 committe·

39 2451 67 2492 25
82 2424 150 2487 bat.
194 2421 246 2486 Ita
273 2425 406 2506 propter
432 2423 588 2486 iniustam
615 2422 798 2487 dominatus
822 2422 1031 2505 cupiditatem
1054 2424 1089 2486 in

83 2532 243 2575 carcerem
263 2511 402 2593 quodam
420 2510 516 2575 modo
534 2511 603 2593 ipse
623 2531 656 2574 se
670 2510 851 2574 incluserat.
884 2508 968 2586 Quin
982 2511 1088 2592 etiam,

82 2620 124 2662 ne
155 2599 279 2662 tonsori
311 2597 428 2663 collum
460 2598 690 2680 committeret,
725 2597 858 2662 tondere
897 2598 981 2662 filias
1014 2620 1088 2662 suas

84 2686 200 2751 docuit.
253 2685 305 2750 Ita
337 2686 463 2751 sordido
493 2686 699 2769 ancillarique
728 2684 862 2749 artificio
890 2686 998 2768 regiae
1027 2687 1088 2750 rir-

83 2775 175 2859 gines
203 2777 240 2837 ut
270 2773 480 2838 tonstriculae
507 2773 685 2838 tondebant
711 2773 845 2836 barbam
874 2775 906 2837 et
937 2774 1090 2856 capillum

40 2889 68 2930 so
83 2862 195 2946 patris.
227 2860 272 2925 nt
289 2865 398 2926 tamen
416 2862 456 2924 ab
475 2861 526 2925 his
545 2861 635 2945 ipsis,
654 2883 727 2925 cum
744 2861 809 2924 iam
826 2864 934 2925 essent
952 2861 1090 2944 adultae,

82 2952 204 3014 ferrum
223 2950 360 3012 removit
378 2949 590 3033 instituitque,
608 2951 645 3012 ut
659 2948 869 3013 candentibus
887 2949 1089 3033 iuglandium

83 3038 305 3121 putaminibus
324 3037 460 3100 barbam
479 3037 541 3100 sibi
560 3041 592 3101 et
612 3037 761 3119 capillum
781 3036 958 3101 adurerent.
994 3035 1089 3102 Cum·
1108 3055 1142 3104 59

84 3148 145 3208 que
168 3126 245 3188 duas
269 3145 384 3188 uxores
406 3124 554 3208 haberet,
576 3124 837 3208 Aristomachen,
864 3125 967 3189 civem
991 3146 1090 3208 suam,

83 3213 237 3276 Doridem
266 3215 375 3276 autem
400 3211 606 3296 Locrensem,
640 3212 685 3276 sic
712 3216 811 3277 noctu
839 3212 879 3276 ad
907 3232 959 3275 cas
989 3211 1090 3276 venti·

42 3328 69 3369 ra
84 3303 191 3383 tabat,
218 3305 254 3364 ut
282 3300 391 3364 omnia
418 3300 638 3383 specularetur
666 3303 698 3363 et
723 3302 980 3383 perscrutaretur
1008 3303 1090 3364 ante.
1155 3294 1163 3377 ξ

83 3389 129 3452 Et
152 3409 222 3451 cum
245 3388 367 3452 fossam
394 3389 494 3451 latam
517 3387 693 3452 cubiculari
721 3387 805 3452 lecto
829 3387 1090 3452 circumdedisset

84 3477 214 3560 eiusque
231 3476 338 3540 fossae
356 3476 529 3540 transitum
546 3475 712 3559 ponticulo
736 3475 844 3560 ligneo
863 3475 1094 3554 coniunxisset,

1096 628 1139 753 a
