2346 3876
244 166 539 224 ACADEMIGORUM
555 167 823 225 POSTERIORUM.
997 170 1044 235 89

34 353 105 398 nam
139 334 257 396 eontra
288 351 342 395 eos
378 329 585 414 potissimum
616 330 882 396 Academicorum
920 332 1041 398 exarsit

34 419 206 505 ¹ingenium.
248 417 338 504 Ergo
357 418 442 484 Zeno
466 419 518 483 rel
542 415 741 504 Chrysippus
764 420 793 484 si
815 420 992 506 interroget
993 443 1045 505 ur,

34 509 100 592 quis
135 507 181 572 sit
213 507 355 590 sapiens,
386 506 597 590 respondebit
623 528 697 571 eum
728 529 812 593 esse,
844 530 939 592 quem
969 509 1045 592 ipse

34 595 251 680 lescripserit3
283 599 398 662 οοιιιιι
429 594 590 679 Epicurus
620 595 672 659 vel
704 595 776 679 quis
803 558 891 661 iilius
927 596 1039 661 adver

34 684 194 751 sariorum
210 683 347 769 negabit
364 705 520 767 suumque
541 683 651 766 potius
672 684 906 767 peritissimum
928 685 1043 768 volup

34 777 136 838 tatum
165 793 322 854 aucupem
349 771 528 855 sapientem
557 793 626 836 esse
655 775 731 837 cont
716 772 836 837 ttende
889 770 967 837 Inde
999 773 1040 837 ad

34 861 182 944 iurgium.
232 858 361 925 Clamat
387 858 547 943 Zeno,et
532 862 645 924 ttota
670 860 728 924 illa
754 864 830 944 port
830 861 899 925 icus
921 861 1039 926 t-umul

34 953 153 1031 t,uatnr
190 947 355 1013 hominem
386 951 444 1012 nat
445 970 500 1014 um
533 947 573 1013 ad
604 946 687 1012 nihil
721 948 808 1013 aliud
839 969 910 1013 esse
942 971 1040 1034 quam

34 1037 284 1118 honestatem,
273 1057 380 1121 ipsam
399 1058 457 1102 suo
477 1035 647 1120 splendore
666 1035 706 1101 ad
724 1058 760 1101 se
778 1036 903 1103 animos
924 1036 1039 1102 ducere

34 1125 118 1190 nullo
153 1145 286 1208 prorsus
315 1124 484 1190 commodo
511 1124 711 1189 extrinsecus
741 1125 849 1208 posito
882 1129 916 1190 et
947 1125 1040 1209 quasi

34 1213 237 1278 lenocinante
251 1212 404 1296 mercede,
424 1213 685 1296 voluptatemque
702 1212 792 1278 illam
805 1211 939 1297 Epicuri
959 1213 1044 1280 solis

34 1303 115 1366 'mter
140 1321 175 1366 se
198 1300 369 1384 pecoribus
391 1321 461 1364 esse
484 1322 700 1384 communem,
724 1302 915 1386 inquorum
941 1302 1039 1366 socie-

34 1393 133 1454 tatem
164 1391 198 1452 et
224 1388 389 1455 hominem
417 1391 450 1453 et
477 1389 656 1472 sapientem
683 1389 812 1454 trudere
838 1390 930 1454 nefas
961 1411 1039 1455 esse.

34 1476 154 1544 contra
182 1476 236 1540 ille
264 1480 441 1542 convocata
468 1476 506 1541 de
533 1475 672 1542 hortulis
699 1476 735 1540 in
762 1477 917 1542 auxilium
947 1478 1041 1561 quasi

34 1565 128 1631 hiber
144 1564 244 1629 turba
261 1564 523 1648 temulentorum,
542 1565 764 1648 quaerentium
780 1568 923 1648 tantum,
944 1586 1040 1648 quem

34 1651 206 1736 mcomptis
234 1652 395 1736 unguibus
421 1651 614 1718 bacchantes
639 1673 893 1737 asperoqueore
923 1653 1040 1717 discer-

34 1747 123 1827 pant,
154 1739 335 1824 voluptatis
366 1761 497 1824 nomen,
535 1741 758 1824 suavitatem,
781 1739 921 1824 quietem
956 1744 1040 1804 teste

34 1829 153 1915 populo
184 1849 382 1914 exaggerans
409 1828 511 1893 instat
538 1829 667 1912 acriter,
700 1831 737 1892 ut
763 1829 829 1892 nisi
856 1851 894 1893 ea
925 1829 1041 1893 beatus

34 1940 126 1983 nemo
150 1937 221 1981 esse
243 1937 339 2001 posse
361 1916 517 1982 videatur.
553 1915 594 1980 ln
617 1939 753 2001 quorum
767 1936 769 1942 ·
782 1916 885 1982 rixam
909 1917 938 1980 si
958 1917 1042 1982 Aca-

34 2006 176 2070 demicus
202 2005 389 2082 incurrerit,
420 2008 574 2088 utrosque
602 2005 710 2070 audiet
738 2005 903 2069 trahentes
933 2027 966 2070 se
999 2005 1041 2069 ad

34 2116 107 2159 suas
131 2095 258 2177 partes,
283 2092 338 2157 sed
357 2093 385 2157 si
402 2094 439 2158 in
454 2093 528 2157 illos
548 2096 603 2158 aut
621 2093 656 2156 in
673 2092 754 2159 istos
773 2093 980 2177 concesserit,
999 2093 1042 2158 ab

34 2181 1041 2353 {insuffleturetth-ltttttttttlttt

34 2360 148 2443 genter
169 2357 356 2440 admoverit,
373 2357 602 2442 interrogatus,
621 2356 696 2441 quid
718 2357 748 2421 ei
766 2357 925 2440 videatur,
949 2357 1041 2422 dubi·

34 2452 102 2511 tare
130 2467 166 2509 se
193 2445 287 2510 dicet.
337 2445 431 2528 Roga
456 2466 541 2509 nunc
569 2443 725 2530 Stoicum,
754 2445 826 2529 quis
853 2446 897 2509 sit
918 2445 1044 2528 melior,

34 2534 249 2618 Epicurusne,
269 2533 325 2617 qui
343 2532 479 2598 delirare
497 2533 589 2598 illum
608 2532 740 2617 clamat,
759 2555 802 2596 an
820 2532 1042 2616 Academicus,

34 2624 87 2706 qui
116 2621 181 2686 sibi
209 2620 313 2686 adhuc
341 2621 379 2686 de
405 2642 440 2686 re
469 2624 564 2686 tanta
594 2620 835 2686 deliberandum
867 2640 936 2684 esse
967 2641 1041 2705 prp-

34 2710 174 2792 nuntiat,
217 2731 312 2775 nemo
348 2709 475 2774 dubitat
510 2709 736 2774 Academicum
774 2707 956 2792 praelatum
991 2707 1042 2773 iri.

34 2797 158 2862 Rursus
186 2800 220 2861 te
248 2797 289 2861 ad
315 2797 407 2862 illum
430 2801 578 2863 converte
601 2800 635 2861 et
657 2818 788 2882 quaere,
815 2818 910 2881 quem
935 2797 1042 2883 magis

34 2889 133 2967 amet,
164 2883 340 3001 Zenonem,
367 2909 387 2951 a
410 2906 472 2969 quo
496 2885 600 2951 bestia
621 2889 842 2968 vocatur,.an
864 2885 1042 2970 Arcesilan,

34 2972 862 3146 tatuit?tltfttttmtttttstt
880 2994 1042 3145 {ttett

34 3151 193 3232 insanam,
211 3147 422 3215 Academicos
437 3153 544 3215 autem
561 3170 639 3232 prae
656 3148 723 3213 illis
737 3149 900 3215 modestos
916 3152 1042 3214 cautos·

34 3259 94 3322 que
121 3235 272 3303 homines
299 3237 402 3302 videri
428 3236 593 3320 Epicuro?
643 3237 698 3302 Itu
718 3257 870 3320 peraeque
889 3256 986 3319 prope
1008 3237 1044 3302 de

34 3327 174 3391 muudus
195 3327 283 3391 sectus
305 3325 509 3407 copiosissime
535 3323 638 3392 (teuc
664 3325 922 3391 iucundissimum
950 3325 1044 3405 tepen-

34 3414 112 3480 tibus
139 3415 232 3497 quusi
257 3412 459 3496 spectaculum
480 3414 606 3495 praebet
633 3412 715 3478 uelut
736 3412 893 3478 ostendeus
920 3409 1045 3477 uultum

34 3501 156 3568 mertun
182 3521 256 3587 esse,
285 3502 341 3586 qui
361 3521 437 3588 uou,
464 3521 534 3569 eum
559 3500 620 3570 uu
640 3501 767 3589 priuos
792 3502 899 3587 portes
925 3497 1056 3580 dederit,
