2346 3876
72 173 192 231 LIB.II.
220 172 355 230 11111.
378 173 603 241 56111111
629 173 712 230 Aac.
740 173 817 232 cAP.
833 182 856 231 1.
884 181 938 243 51.
984 174 1049 240 355

37 332 199 388 Stoicorum
217 332 341 388 breviter
359 333 475 389 astricta
493 333 566 404 (cap.
587 336 683 403 6-9).
722 334 827 400 Quibus
847 335 980 405 expositis
998 351 1049 390 suo

37 419 115 458 more
129 403 220 459 fusius
235 403 381 472 aliquanto
395 422 429 459 ac
442 404 528 459 latius
543 404 619 460 dicit.
647 404 806 460 Probantur
819 406 1050 475 philosophorum

35 476 192 544 praecepta
213 475 302 529 fortes
326 476 462 543 quasdam
485 475 639 530 sententias
667 476 855 545 sequentium,
882 476 1049 546 Peripateti·

37 561 135 599 corum
168 561 225 600 non
255 545 324 600 item
359 545 602 614 perturbationum
633 546 843 602 mediocritates
870 545 1049 616 probantium

35 617 108 696 (cap.
131 618 184 684 10).
225 615 370 685 Apparere
393 618 488 670 autem
512 616 615 670 dicitur
631 633 688 671 non
711 617 801 671 solum
820 617 908 672 omnis
927 616 1049 686 aegritu·

36 686 126 755 dinis,
157 701 255 740 verum
283 688 439 740 ceterarum
466 685 553 741 stiam
578 687 821 768 perturbationum
849 704 961 742 causam
988 702 1049 741 esse

35 756 70 811 ab
90 755 226 827 opinione
243 757 437 825 repetendam,
461 759 491 812 et
513 757 698 827 aegritudinis
722 758 835 826 quidem
857 759 893 813 ab
918 757 1049 827 opinione

36 827 135 896 magni
148 827 231 895 mali,
250 827 327 881 cuius
342 826 467 882 delinitio
482 825 618 882 subicitur
631 827 690 882 eius
704 829 794 883 modi:
814 845 874 883 esse
890 828 1050 898 opinionem

124 896 131 909 ‘
156 897 227 951 mali
249 897 417 967 praesentis,
443 899 472 952 et
493 900 635 953 recentem
663 898 958 969 quidemopinionem
982 897 1049 952 talis

35 913 177 1036 1rlniiffilut
198 967 229 1022 in
250 983 283 1022 eo
305 970 413 1023 rectum
434 968 565 1023 videatur
587 984 648 1040 esse
666 971 733 1039 angi
755 971 827 1039 (cap.
848 974 900 1039 11).
936 970 979 1024 Ex
995 969 1050 1022 hac

38 1037 203 1092 definitione
220 1037 251 1091 in
267 1037 319 1092 tris
336 1042 432 1108 partes
451 1038 512 1093 abit
529 1038 696 1108 disputatio,
721 1057 839 1108 quaram
856 1041 948 1111 prima
967 1040 1050 1094 docet

37 1108 244 1179 aegritudinem
272 1124 332 1163 esse
359 1126 394 1164 ex
420 1109 552 1179 opinione
578 1109 648 1163 mali
674 1112 744 1180 (cap.
774 1117 820 1180 12,
852 1115 911 1181 13),
937 1111 1050 1179 inqua

38 1179 194 1250 Epicurum
224 1178 342 1248 refellit,
374 1179 423 1247 qui
448 1179 540 1249 ipsam
568 1179 729 1250 opinionem
757 1198 817 1237 esse
845 1180 1050 1252 aegritudinem

40 1250 206 1318 contendat,
232 1251 262 1304 et
286 1248 466 1318 Cyrenaicos,
494 1248 542 1317 qui
566 1266 623 1305 non
644 1252 855 1320 putent'valere
874 1254 910 1308 ad
928 1252 1049 1321 aegritu·

40 1320 134 1376 dinem
147 1319 204 1374 nisi
216 1319 392 1390 inopinatum
406 1320 525 1389 malum,
545 1321 633 1389 quod,
652 1338 821 1392 quamquam
835 1323 979 1392 insperata
993 1323 1050 1377 sint

41 1391 170 1461 graviora
188 1392 218 1445 et
234 1390 298 1460 ipsa
315 1389 534 1460 praemeditatio
553 1391 758 1461 aegritudinem
771 1393 964 1462 minuat(cap.
981 1398 1050 1448 13-

42 1466 99 1531 11),
122 1463 156 1517 11
178 1461 279 1516 merito
301 1462 541 1531 reprehendantur
562 1462 707 1532 Epicurei,
733 1463 782 1531 qui
798 1463 883 1518 istam
899 1464 1049 1532 reprehen-

43 1532 108 1587 dant
133 1534 205 1601 (cap.
225 1534 270 1600 16)
294 1532 323 1586 11
346 1531 531 1602 cogitationes
555 1533 649 1602 potius
668 1533 705 1587 ad
721 1533 882 1602 voluptates
899 1534 1051 1588 traducant

44 1602 178 1672 corporis,
201 1604 251 1656 aut
278 1618 350 1670 quae
372 1604 488 1673 propter
511 1618 612 1672 corpus
637 1603 684 1657 vel
706 1603 900 1658 recordatione
926 1605 974 1658 vel
1000 1620 1049 1673 spe

43 1673 199 1744 cogitentur
222 1674 295 1742 (cap.
315 1676 452 1742 17-11),
479 1674 575 1727 tamen
592 1673 622 1727 in
639 1673 694 1728 isto
713 1689 769 1728 non
787 1673 844 1728 sint
861 1673 967 1741 onmia,
986 1690 1050 1728 cum

44 1745 68 1797 et
88 1760 146 1798 non
170 1742 349 1813 opinatarum
370 1746 471 1799 natura
490 1743 666 1799 considerata
683 1743 877 1826 intellegatur,
900 1746 1050 1825 propterea

45 1813 149 1869 tantum
163 1829 267 1883 magna
280 1813 383 1880 videri,
403 1814 490 1882 quod,
510 1816 615 1881 quanta
629 1814 698 1883 sint,
718 1815 913 1870 cons1derand1
926 1813 1049 1884 spatium

44 1898 94 1940 non
121 1885 217 1952 detur,
245 1885 275 1938 et
301 1884 381 1952 quasi
409 1885 492 1954 culpa
519 1885 695 1939 contractam
723 1901 803 1939 omne
825 1902 882 1940 non
906 1885 1049 1955 provisum

44 1956 145 2010 malum
168 1954 298 2008 videatur
323 1956 393 2023 (cap.
417 1958 470 2024 22).
507 1955 606 2009 Altera
627 1971 692 2026 pars
716 1957 842 2011 dolorem
858 1955 1049 2011 voluntarium

46 2039 111 2094 esse,
130 2040 189 2079 non
206 2025 236 2078 in
248 2025 350 2080 natura
363 2041 457 2079 rerum
470 2024 533 2095 ipsa
551 2025 647 2095 situm,
667 2042 748 2081 exeo
763 2028 946 2093 demonstrat,
965 2028 1048 2095 quod,

44 2109 101 2150 cum
120 2094 242 2150 accessit
264 2096 300 2149 ad
319 2094 480 2165 opinionem
497 2095 593 2165 magni
615 2097 684 2151 mali
705 2098 794 2153 altera
811 2098 862 2153 1111
880 2097 987 2167 opinio,
1012 2098 1050 2153 ad

42 2165 165 2221 officium
192 2164 332 2234 pertinere
360 2181 443 2236 aegre
470 2166 556 2233 ferre,
588 2166 664 2234 quod
696 2168 842 2237 acciderit,
869 2169 1050 2223 vehementer

40 2238 178 2307 augeatur
196 2235 380 2305 aegritudinis
397 2236 573 2306 perturbatio
591 2240 663 2307 (cap.
683 2244 716 2293 2³
736 2244 815 2309 sqq.).
856 2239 953 2294 Tertia
972 2239 1050 2293 deni-

38 2319 89 2374 que
119 2307 176 2361 hoc
204 2308 368 2375 argumento
394 2323 412 2361 a
437 2308 539 2362 natura
565 2323 657 2362 rerum
684 2309 888 2379 aegritudinem
913 2312 1050 2379 removet,

36 2377 114 2445 quod
133 2375 282 2446 aegritudo
300 2377 361 2431 fere
379 2393 436 2432 non
454 2375 558 2432 sitnisi
572 2393 587 2432 1
600 2378 707 2432 recenti
725 2380 792 2434 mali
807 2379 946 2460 opinione,
965 2396 1048 2448 quae-

36 2462 90 2516 que
110 2446 220 2501 habeat
237 2447 380 2514 quandam
396 2446 582 2514 viriditatem
601 2449 674 2502 unde
692 2448 755 2517 fiat,
779 2451 812 2503 ut
833 2449 893 2519 ipse
916 2450 977 2502 dies
1002 2451 1049 2505 vel

34 2516 161 2574 maxime
188 2517 359 2586 aegritudini
380 2519 526 2572 medeatur
553 2519 625 2588 (cap.
650 2521 703 2586 31).
749 2519 868 2587 Reliqua
895 2519 1048 2587 disputatio

34 2590 169 2646 versatur
187 2586 217 2640 in
234 2588 365 2643 remediis
383 2588 568 2658 aegritudinis
586 2587 731 2643 tradendis
751 2592 822 2659 (cap.
842 2595 890 2658 31,
910 2593 964 2658 33).
1071 2602 1074 2610 ·

105 2783 269 2860 Quidnam
288 2806 372 2863 esse,
390 2783 505 2868 Brute,
523 2806 639 2850 causae
657 2789 780 2870 putem,
799 2809 868 2871 cur,
885 2809 958 2852 oum
977 2809 1049 2853 con·
1068 2766 1086 2890 ᾖ

34 2878 164 2940 stemus
187 2893 227 2937 ex
249 2873 358 2938 animo
378 2876 411 2937 et
433 2894 580 2958 corpore,
603 2875 746 2957 corporis
770 2875 902 2956 curandi
924 2876 1049 2941 tuendi-

34 2983 99 3048 que
131 2981 230 3025 causa
259 2961 406 3044 quaesita
436 2960 480 3025 sit
509 2983 562 3026 ara
595 2965 692 3046 atque
722 2963 789 3028 eius
821 2964 945 3028 utilitas
976 2964 1049 3029 deo·

34 3069 111 3115 rum
134 3048 359 3113 inmortalium
381 3048 560 3114 inventioni
587 3053 786 3135 consecrata,
816 3052 916 3115 animi
940 3055 1049 3116 autem

34 3136 200 3202 medicina
226 3158 284 3200 nee
311 3137 379 3200 tam
402 3135 584 3201 desiderata
607 3138 664 3222 sit,
692 3141 766 3204 ante
789 3160 885 3222 quam
907 3139 1050 3222 inventa,

34 3245 97 3291 nec
134 3227 204 3288 tam
240 3224 342 3307 culta,
377 3227 591 3309 posteaquam
624 3225 754 3311 cognita
790 3230 853 3310 111,
887 3246 947 3290 111
981 3229 1049 3289 tam

34 3312 152 3378 multis
181 3315 276 3397 grata
299 3315 331 3377 et
357 3312 509 3396 probata,
536 3312 682 3397 pluribus
710 3314 810 3378 etiam
838 3314 987 3396 suspecta
1016 3315 1050 3376 et

34 3397 167 3466 invisa?
220 3399 273 3464 An
309 3400 395 3482 quod
429 3401 573 3484 corporis
606 3402 799 3484 gravitatem
836 3403 868 3465 et
904 3399 1049 3466 dolorem

35 3489 150 3554 animo
178 3487 372 3572 iudicamus,
405 3488 504 3552 animi
535 3489 684 3554 morbum
714 3511 848 3572 corpore
879 3508 945 3553 non
965 3509 1048 3553 ,sen-
1089 3534 1092 3551 2

724 3634 728 3641 -
786 3590 844 3648 11*
