2346 3876
310 166 375 221 ΠΒ.
395 165 442 223 111:
471 163 547 220 CAP.
569 171 688 220 14-16.
717 170 732 230 5
751 171 873 221 30-34.
1030 166 1095 230 369

88 326 281 412 accepimus.
316 327 390 392 Iure
409 330 516 392 autem
535 332 604 392 erat
626 349 752 410 semper
774 327 860 392 idem
884 329 1002 405 voltus,
1025 349 1097 393 cum

88 416 221 498 mentis,
244 437 345 500 aqua
366 416 394 480 is
416 416 563 500 fingitur,
585 416 677 479 nulla
699 416 791 479 fieret
808 417 953 480 mutatio.
992 415 1097 491 Quare

88 503 214 587 accipio
237 502 384 588 equidem
410 525 430 567 a
448 501 634 586 Cyrenaicis
656 502 736 567 haec
760 525 850 568 arma
871 506 992 568 eontra>
1006 525 1097 568 casus

88 596 121 655 et
139 594 282 673 eventus,
302 591 418 676 quibus
438 612 549 656 eorum
563 591 769 655 advenientes
787 592 927 674 impetus
946 591 1099 656 diuturna

62 679 379 762 apraemeditationc
409 679 614 764 frangantur,
652 678 809 764 simulque
840 678 946 743 iudico
978 679 1098 743 malum

87 766 171 831 illud
195 766 354 849 opinionis
374 787 456 850 esse,
477 788 544 831 non
560 770 709 849 naturae,
733 768 762 831 si
785 767 871 831 enim
894 768 929 831 in
949 789 983 830 re
1002 769 1098 850 esset,

89 876 146 918 cur
168 853 283 918 fierent
304 857 435 937 provisa
456 854 601 918 leviora?
645 853 707 918 Sed
733 858 796 937 est,
819 855 922 919 isdem
945 855 983 918 de
1002 855 1098 918 rebus
1117 871 1153 918 32

90 941 177 1026 quod
196 940 260 1007 dici
282 942 389 1024 possit
407 942 573 1025 subtilius,
595 943 623 1005 si
640 943 730 1025 prius
748 942 882 1025 Epicuri
904 943 1099 1006 sententiam

90 1029 277 1113 viderimus,
311 1029 366 1112 qui
399 1033 507 1094 censet
537 1051 667 1094 neeesse
699 1052 769 1095 esse
797 1031 902 1095 omnis
932 1031 967 1094 in
995 1030 1099 1114 aegri·

56 1117 203 1183 uetudine
223 1139 305 1200 esse,
328 1118 437 1201 quise
459 1119 495 1182 in
517 1118 613 1182 malis
633 1139 702 1182 esse
721 1119 930 1199 arbitrentur,
953 1119 1019 1183 sive
1041 1119 1099 1183 illa

93 1208 168 1269 ante
202 1205 336 1289 provisa
373 1209 406 1269 31
437 1209 603 1288 expectata
645 1207 711 1270 sint
745 1207 811 1271 sive
843 1207 1099 1272 inveteraverint.

91 1291 176 1358 Nam
197 1314 302 1376 neque
326 1296 487 1358 vetustate
510 1293 613 1358 minui
635 1295 722 1358 mala
742 1315 801 1359 nec
830 1295 900 1359 fieri
923 1295 1099 1378 praemedi-

93 1384 162 1445 tata
184 1381 319 1464 leviora,
342 1382 539 1466 stultamque
562 1383 661 1446 etiam
685 1404 755 1446 esse
783 1383 1028 1448 meditationem
1051 1383 1099 1448 fu-

93 1469 158 1532 turi
189 1469 268 1533 mali
301 1474 357 1532 aut
386 1469 525 1534 fortasse
554 1491 595 1533 ne
621 1469 723 1533 futuri
752 1469 892 1553 quidem3
921 1472 1000 1534 satis
1029 1493 1099 1536 csse

64 1556 242 1621 uodiosnm
256 1557 377 1620 malum
391 1579 494 1640 omne,
512 1579 585 1622 cum
601 1557 754 1639 venisset3
774 1558 828 1640 qui
848 1562 955 1621 autem
974 1580 1101 1640 semper

96 1644 303 1728 cogitavisset
334 1644 475 1709 accidere
507 1666 602 1729 posse
635 1643 757 1727 aliquid
794 1644 932 1727 adversi,
956 1646 998 1729 ,ei
1029 1647 1101 1710 fieri

96 1731 172 1796 illud
196 1732 427 1814 sempiternum
446 1733 582 1816 malum3
606 1733 634 1796 si
656 1753 731 1797 vero
750 1753 790 1796 nc
808 1733 952 1796 futurum
971 1733 1099 1816 quidem

72 1835 75 1842 '
96 1820 148 1902 sit,
170 1818 293 1884 frustra
316 1821 435 1902 suscipi
458 1821 623 1884 miseriam
646 1819 876 1905 voluntariam3
905 1820 952 1884 ita
975 1841 1101 1904 semper

97 1907 169 1992 angi
192 1911 249 1972 aut
272 1907 457 1992 accipiendo
482 1912 538 1972 aut
561 1907 733 1992 cogitando
757 1909 853 1973 malo.
891 1907 1100 1973 Levationem
1119 1924 1152 1972 33

67 1999 203 2060 sautem
227 1996 438 2080 aegritudiuis
461 1996 496 2059 iu
519 1995 642 2060 duabus
665 1997 761 2060 rebus
784 1997 890 2080 po'nit,
914 1997 1101 2061 avocatione

95 2105 113 2146 a
135 2083 311 2169 cogitanda
333 2084 485 2148 molestia
503 2089 536 2147 et
553 2085 756 2148 revocatione
776 2084 816 2148 ad
836 2085 1100 2169 contemplandas

94 2172 287 2256 voluptates.
323 2173 439 2236 Parere
459 2172 543 2236 enim
568 2177 676 2236 censet
699 2173 841 2237 animum
863 2174 982 2238 rationi
1005 2195 1101 2258 posse

95 2263 138 2343 ct,
166 2282 232 2344 quo
260 2259 318 2323 illa
344 2260 454 2342 ducat,
482 2261 580 2343 sequi.
628 2259 728 2324 Vetat
755 2262 854 2346 igitur
876 2262 959 2326 ratio
983 2262 1102 2326 intueri

93 2347 271 2431 molestias,
290 2348 452 2412 abstrahit
470 2348 510 2413 ab
529 2349 653 2413 acerbis
674 2349 934 2433 cogitationibus,
952 2349 1102 2414 hebetem

57 2436 170 2516 *tfccc't
192 2435 294 2499 aciem
318 2435 358 2499 ad
381 2436 527 2501 miserias
547 2436 823 2518 contemplandas,
847 2437 1006 2519 aquibus
1029 2458 1102 2500 cum

93 2523 211 2588 cecinit
242 2524 397 2608 receptui,
428 2524 556 2607 inpellit
587 2546 716 2587 rursum
746 2527 779 2588 et
809 2523 925 2587 incitat
958 2523 998 2586 ad
1027 2544 1101 2604 con·

92 2610 275 2696 spiciendas
302 2615 434 2696 totaque
458 2615 564 2676 mente
588 2611 831 2677 contrectandas
861 2610 966 2675 varias
989 2610 1102 2694 volup-

91 2702 194 2778 tates,
226 2699 342 2782 quibus
374 2700 430 2763 ille
463 2703 496 2764 31
527 2702 773 2783 praeteritarum
801 2700 958 2764 memoria
986 2702 1018 2762 et
1047 2720 1102 2782 spe

93 2787 358 2871 consequentium
382 2788 538 2871 sapientis
561 2789 663 2852 vitam
685 2788 838 2852 refertam
860 2790 962 2871 putat.
1013 2785 1103 2852 Haec

50 2877 206 2941 anoscro
235 2897 323 2939 more
349 2898 409 2941 nos
437 2876 589 2960 diximuS,
615 2876 761 2958 Epicurii
784 2875 894 2939 dicunt
921 2897 989 2940 suo.
1040 2873 1102 2939 Sed

92 2984 176 3046 quae
199 2962 324 3046 dicant,
347 2963 525 3047 videamus,
548 2985 610 3047 quo
633 2964 742 3046 modo,
765 2964 983 3048 neglegamus.

159 3049 324 3134 Principio
368 3051 454 3116 male
498 3051 736 3135 reprehendunt
780 3053 1103 3135 praemeditationem

91 3159 202 3202 rernm
223 3138 413 3203 futurarum.
448 3137 541 3202 Nihil
561 3142 610 3202 est
628 3140 728 3223 enim,
751 3139 835 3223 quod
858 3144 927 3203 tam
946 3139 1104 3204 obtundat

93 3226 261 3309 elevetque
289 3227 524 3310 aegritudinem
551 3248 647 3310 quam
674 3231 831 3311 perpetua
858 3228 891 3291 in
918 3226 1006 3290 omui
1035 3227 1103 3290 vita

48 3313 251 3399 &scogitatio
278 3314 360 3378 nihil
388 3327 471 3398 esse,
498 3314 583 3397 quod
606 3337 672 3379 non
696 3315 838 3379 accidere
860 3315 978 3396 possit,
1006 3335 1103 3398 quam

92 3401 262 3466 meditatio
290 3401 488 3467 condicionis
515 3403 688 3480 humanae,
716 3425 812 3486 quam
834 3403 918 3464 vitae
941 3401 993 3465 lex
1017 3423 1103 3466 eom·
1168 3406 1170 3441 ³

93 3490 315 3573 mentatioque
338 3490 485 3573 parendi,
508 3511 589 3574 quae
607 3512 674 3554 non
696 3490 757 3554 hoc
776 3489 893 3567 adfert,
916 3492 953 3553 ut
976 3509 1104 3572 semper

145 3600 200 3643 010.
213 3601 282 3642 1v.1
330 3607 332 3612 ’
917 3598 959 3645 Ἃ

1114 3021 1155 3147 a
