2346 3876
104 167 170 231 442
300 165 597 221 ruscumuaauu
614 165 920 221 nrsrurarrouun
983 148 987 152 ’

103 330 186 415 pleri
217 332 351 413 negant3
383 329 418 392 hi
446 331 554 393 autem
581 328 649 391 sine
676 327 718 390 iis
746 349 816 392 esse
843 329 970 393 nullam
998 331 1098 412 putant

104 423 174 501 aut,
207 418 234 482 si
267 418 311 482 sit
342 418 452 499 beata,
484 416 706 480 beatissimam
738 420 823 480 certe
858 420 990 502 negant.
1039 415 1097 481 Nos

105 510 211 571 autem
243 505 391 570 volumus
422 504 657 588 beatissimam,
693 503 787 587 idque
821 506 918 569 nobis
952 503 1098 570 Socratica

104 595 162 659 illa
189 593 394 658 conclusione
422 593 637 657 confirmatur.
688 589 741 655 Sic
768 592 854 656 enim
881 593 1030 676 princeps
1050 592 1096 655 ille

103 680 330 766 philosophiae
348 680 539 744 disserebat:
559 679 663 762 qualis
683 679 836 762 cuiusque
852 681 954 745 animi
968 680 1112 744 adfecturi

103 773 202 849 esset,
229 768 328 834 talem
355 789 425 832 esse
452 767 629 848 hominem,
657 767 761 850 qualis
784 771 892 831 autem
919 768 1017 834 homo
1040 768 1096 850 ipse

104 861 201 938 esset,
225 857 323 920 talem
343 857 411 920 eius
430 877 500 919 esse
519 855 712 938 orationem3
735 856 874 920 orationi
893 861 1003 922 autem
1024 856 1096 920 facta

104 945 237 1027 similia,
259 945 356 1009 factis
379 944 489 1007 vitam.
535 942 690 1007 Adfectus
714 947 821 1008 autem
846 944 947 1008 animi
970 945 1095 1008 inbono

103 1034 173 1097 viro
195 1032 382 1115 laudabilis,
412 1035 444 1094 et
466 1031 534 1095 vita
556 1031 658 1114 igitur
679 1030 852 1096 laudabilis
876 1031 955 1096 boni
978 1032 1050 1115 riri,
1072 1032 1096 1093 et

102 1121 242 1186 honesta
258 1140 344 1204 ergo,
362 1119 515 1203 quoniam
533 1119 714 1183 laudabilis.
746 1118 796 1183 Ex
814 1119 933 1203 quibus
952 1120 1121 1185 bonorunu

50 1230 84 1280 48
102 1209 233 1272 beatam
256 1207 358 1271 vitam
382 1227 451 1270 esse
474 1206 683 1271 concluditur.
726 1207 872 1291 Etenim,
893 1230 955 1291 pro
981 1209 1095 1272 deorum

103 1300 199 1379 atque
222 1295 389 1359 hominum
411 1294 521 1358 fidem!
547 1316 702 1378 parumne
726 1295 893 1377 cognitum
918 1298 968 1360 est
991 1293 1095 1379 superi-

103 1384 213 1448 oribus
236 1384 357 1448 nostris
380 1382 666 1467 disputationibus,
689 1404 731 1446 an
753 1383 978 1448 delectationis
999 1388 1030 1449 et
1051 1380 1096 1446 otii

102 1471 312 1536 consumendi
344 1492 441 1535 causa
472 1471 570 1535 locuti
599 1491 709 1535 sumus
741 1471 921 1553 sapientem
952 1472 993 1536 ab
1023 1467 1095 1536 omni

103 1560 317 1624 concitatione
337 1559 446 1640 animi,
464 1579 560 1642 quam
578 1559 855 1641 perturbationem
873 1581 964 1642 voco,
988 1577 1122 1642 sempera

104 1669 231 1725 vacare,
268 1668 395 1730 semper
430 1646 465 1710 in
502 1647 610 1710 animo
647 1646 715 1710 eius
752 1667 822 1710 esse
858 1647 1096 1730 placidissimam

102 1735 237 1819 pacem?
281 1734 341 1798 Vir
368 1734 470 1818 igitur
492 1737 703 1817 temperatus,
731 1737 895 1818 constans,
923 1735 992 1799 sine
1015 1738 1097 1809 metu,

103 1824 172 1888 sine
205 1822 418 1906 aegritudine,
455 1822 523 1886 sine
539 1822 722 1886 alacritate
753 1822 832 1906 ulla,
870 1823 940 1886 sine
975 1823 1097 1888 libidine

102 1932 209 1975 nonne
232 1910 368 1974 beatus?
392 1913 427 1974 at
450 1931 575 1992 semper
598 1910 726 1992 sapiens
749 1910 837 1991 talis,
863 1931 991 1994 semper
1011 1912 1097 1995 igitur

102 1999 226 2063 beatus.
275 1998 346 2062 Iam
373 2019 449 2062 vcro
478 1997 533 2081 qui
561 2000 668 2081 potest
694 1998 744 2061 vir
771 1998 874 2063 bonus
902 2021 970 2064 non
998 1999 1037 2063 ad
1064 1995 1124 2077 ida

103 2086 187 2169 quod
210 2085 372 2150 laudabile
396 2086 451 2167 sit,
474 2087 583 2150 omnia
605 2085 741 2169 referre,
768 2107 850 2170 quae
875 2087 946 2171 agit
968 2105 1098 2171 quaeque

103 2173 224 2237 sentit?
246 2173 346 2236 refert
370 2176 477 2237 autem
497 2174 605 2238 omnia
625 2175 665 2238 ad
689 2174 782 2237 beate
804 2174 992 2257 vivendum,
1016 2176 1098 2239 beata

102 2261 203 2346 igitur
224 2261 294 2324 vita
315 2259 502 2346 laudabilis3
532 2283 591 2326 nec
614 2262 781 2345 quicquam
806 2261 875 2325 sine
898 2262 1021 2328 virtute
1042 2263 1098 2327 lau·

103 2349 224 2433 dabile3
245 2350 343 2414 beata
365 2348 466 2433 igitur
488 2349 557 2413 vita
578 2349 697 2415 virtute
721 2349 897 2413 conficitur.

49 2402 92 2528 ἐξ
170 2439 276 2523 Atque
304 2437 365 2501 hoc
394 2438 440 2501 sic
467 2437 566 2500 etiam
594 2436 806 2502 concluditur:
836 2435 907 2502 Nec
930 2439 965 2503 in
993 2439 1128 2503 miseras

103 2527 172 2591 vita
194 2526 364 2611 quicquam
384 2527 433 2588 est
454 2524 668 2608 praedicabile
693 2529 748 2588 aut
771 2526 975 2608 gloriandum
998 2526 1099 2591 necin

85 2636 154 2698 oea,
178 2636 260 2698 quae
282 2635 340 2677 nec
364 2613 481 2679 misera
505 2612 548 2676 sit
569 2633 628 2676 nec
651 2613 757 2693 beata,
804 2611 849 2676 llt
872 2615 981 2678 estin
1005 2614 1100 2697 aliqua

102 2703 170 2766 vita
200 2701 417 2786 praedicabile
448 2699 569 2784 aliquid
599 2704 632 2764 et
661 2700 867 2785 gloriandum
897 2724 935 2767 ac
969 2724 1046 2786 prae
1072 2720 1100 2771 se

102 2788 280 2872 ferendum,
303 2792 339 2853 ut
361 2787 617 2871 Epaminondas:

147 2909 333 2974 Consiliis
356 2911 504 2975 nostris
532 2911 624 2975 laus
640 2915 699 2976 est
727 2914 881 2977 attonsa
903 2912 1129 2993 Laconun,u

103 3054 139 3114 ut
162 3050 349 3114 Africanus:

145 3174 177 3238 A
201 3172 281 3238 sole
305 3173 504 3238 exoriente
528 3195 645 3256 supra
667 3172 832 3239 Maeotis
855 3176 1015 3259 paludes

189 3259 313 3326 Nemo
338 3257 409 3344 est,
433 3261 497 3343 qui
520 3260 637 3325 factis
661 3264 912 3346 aequiperare
937 3269 1059 3348 queat.

49 3424 83 3475 50
103 3400 195 3478 Quod
226 3403 253 3466 si
283 3407 338 3483 cst,
368 3392 465 3465 beata
488 3402 556 3465 vita
582 3402 753 3486 glorianda
781 3407 813 3466 et
838 3405 1054 3486 praedicanda
1076 3405 1104 3466 et

85 3514 173 3578 prae
195 3515 232 3562 se
255 3489 390 3560 ferenda
414 3493 479 3578 est,
502 3488 588 3556 nibil
609 3493 660 3555 est
680 3491 769 3573 enim
789 3491 889 3574 aliud,
913 3493 1000 3576 quod
1021 3505 1132 3577 prae-o
