2356 3870
289 178 357 233 LIB.
374 178 408 234 V.
437 178 512 234 CAP.
534 185 655 236 14-16.
684 184 699 245 5
717 186 839 237 42-47.
999 182 1064 243 441

57 345 114 405 tur
132 361 171 406 ea
192 341 278 406 bona
301 340 436 404 dicenda
453 363 511 405 neo
529 341 690 419 habenda,
714 341 828 424 quibus
848 341 1066 406 abundantem
1089 367 1090 370 ¹

58 429 138 493 lieet
165 449 235 492 esse
263 429 487 493 miserrimum.
536 428 588 493 An
616 428 759 512 dubitas,
787 429 865 512 quin
896 434 1065 512 praestans
1084 449 1118 498 45

58 516 256 599 valetudine,
278 517 413 594 viribus,
436 517 554 598 forma,
577 516 751 581 acerrumis
775 517 1065 602 integerrumisque

59 604 224 688 sensibus,
252 604 331 668 adde
359 605 469 689 etiam,
496 605 524 668 si
547 605 650 687 lubet,
677 605 900 687 pernicitatem
926 608 958 669 et
979 607 1066 671 velo-

36 693 206 774 roitatem,
230 692 271 757 da
289 692 432 775 divitias,
455 693 606 775 honores,
629 693 778 776 imperia,
802 714 891 776 opes,
914 693 1067 778 gloriam:

59 780 88 844 si
121 781 220 844 fuerit
251 780 293 863 ia,
324 781 380 864 qui
407 781 487 845 haeo
512 780 624 864 habet,
656 781 807 858 iniustuS,
838 781 1066 865 intemperans,

57 868 208 952 timidus,
229 867 340 932 hebeti
361 870 493 953 ingenio
517 871 612 952 atque
635 868 739 951 nullo,
767 868 971 933 dubitabisne
994 891 1067 933 eum

57 957 212 1020 miserum
235 956 361 1022 dicere?
406 956 522 1033 Qualia
551 956 652 1040 igitur
674 957 738 1021 ista
760 957 847 1021 bona
870 961 958 1041 sunt,
985 979 1066 1040 quae

58 1045 115 1127 qui
141 1044 275 1127 habeat,
302 1044 500 1108 miserrimus
528 1065 598 1108 esse
626 1044 752 1127 possit?
801 1044 989 1128 Videamus,
1017 1067 1066 1129 ne,

36 1134 96 1198 >ut
125 1153 257 1196 aeervus
286 1153 325 1195 ex
352 1132 403 1195 sui
429 1133 556 1217 generis
584 1133 707 1216 granis,
735 1132 780 1197 sio
807 1133 904 1197 beata
930 1133 998 1197 vita
1028 1155 1067 1198 ex

59 1219 111 1283 sui
135 1220 294 1285 similibus
317 1220 465 1303 partibus
489 1219 570 1284 effici
597 1220 721 1284 debeat.
774 1220 865 1296 Quod
888 1222 916 1285 si
937 1221 984 1285 ita
1008 1225 1067 1305 est,

58 1329 99 1371 ex
117 1308 224 1392 bonis,
246 1329 327 1391 quae
346 1308 417 1372 sola
434 1308 571 1372 honesta
590 1313 678 1391 sunt,
703 1308 908 1372 efficiendum
927 1313 976 1373 est
994 1311 1067 1374 bea-

58 1399 144 1478 tum3
166 1417 205 1460 ea
227 1396 330 1461 mixta
353 1417 390 1459 ex
414 1395 623 1460 dissimilibus
647 1396 675 1459 si
698 1399 804 1477 erunt,
831 1396 1004 1462 honestum
1028 1419 1067 1461 ex

59 1483 99 1546 iis
124 1482 209 1547 effici
232 1483 316 1547 nihil
338 1484 472 1566 poterit3
496 1505 559 1566 quo
583 1482 728 1549 detracto
752 1483 828 1568 quid
851 1486 972 1567 poterit
993 1485 1067 1549 bea·

36 1575 129 1636 stum
161 1571 330 1656 intellegi?
383 1572 526 1656 Etenim,
558 1571 708 1655 quiequid
735 1575 798 1654 est,
831 1571 916 1655 quod
944 1573 1066 1637 bonum

59 1659 116 1741 sit,
143 1659 176 1722 id
204 1659 416 1742 expetendum
444 1664 506 1742 est,
533 1659 617 1742 quod
644 1662 752 1723 autem
780 1660 1005 1742 expetendum,
1032 1661 1066 1724 id

60 1749 146 1811 certe
170 1747 424 1832 adprobandum3
449 1747 534 1830 quod
557 1768 631 1811 vero
655 1747 859 1830 adprobaris,
881 1747 914 1810 id
936 1753 1067 1832 gratum

60 1839 288 1919 acceptumque
315 1835 510 1918 habendum,
538 1856 615 1920 ergo
647 1835 746 1898 etiam
778 1834 919 1918 dignitas
949 1836 979 1899 ei
1009 1836 1066 1900 tri·

59 1923 188 1987 bnenda
219 1927 277 1986 est.
330 1922 422 1998 Quod
454 1924 482 1987 si
508 1923 555 1988 ita
582 1926 644 2005 est,
670 1923 833 1986 laudabile
865 1923 907 1986 sit
936 1945 1066 1988 necesse

36 2015 123 2093 eest3
150 2011 271 2075 bonum
297 2011 398 2095 igitur
421 2032 515 2076 omne
542 2010 713 2075 laudabile.
757 2010 894 2095 Exque
918 2011 1066 2095 efficitur,

59 2102 111 2181 ut,
134 2097 221 2181 quod
243 2099 287 2162 sit
308 2099 495 2181 honestum,
517 2099 551 2163 id
574 2100 616 2163 sit
640 2099 745 2162 solum
768 2099 899 2163 bonum.
1098 2148 1118 2212 6

127 2186 219 2262 Quod
245 2186 280 2251 ni
306 2187 353 2250 ita
379 2187 575 2270 tenebimus,
600 2187 704 2252 multa
731 2190 837 2270 erunt,
867 2209 948 2271 quae
969 2189 1064 2253 nobis
1083 2226 1119 2275 46

59 2275 146 2339 bona
170 2273 302 2338 dicenda
325 2275 403 2358 sint,
432 2275 547 2340 omitto
575 2275 705 2339 divitias
735 2272 829 2360 (quas
857 2296 928 2339 oum
960 2277 1065 2360 quivis

59 2363 206 2447 quamvis
225 2362 376 2447 indignus
393 2363 513 2427 habere
531 2363 647 2446 possit,
670 2362 816 2426 inbonis
834 2384 901 2426 non
918 2385 1066 2447 numer03

36 2450 146 2535 equod
173 2450 259 2514 enirn
283 2454 333 2514 est
358 2452 492 2534 bonum,
519 2451 551 2514 id
573 2471 639 2514 non
661 2449 764 2533 quivis
791 2448 912 2514 habere
933 2450 1065 2534 potest),

61 2539 177 2603 omitto
212 2538 417 2603 nobilitatem
452 2539 634 2621 famamque
669 2537 859 2620 popularem
891 2538 1066 2603 stultorum

60 2626 333 2710 inproborumque
361 2648 518 2692 consensu
548 2627 735 2708 excitatam3
762 2625 857 2711 haee,
885 2630 1070 2708 quaesunt

60 2714 209 2797 minima,
236 2717 346 2778 tamen
372 2716 459 2779 bona
486 2715 629 2779 dieantur
655 2734 784 2777 neeesse
815 2716 877 2777 est:
905 2709 1066 2779 candiduli

61 2802 186 2884 dentes,
213 2802 341 2866 venusti
368 2803 467 2885 oculi,
495 2803 583 2868 color
610 2801 717 2866 suavis
746 2805 778 2864 et
806 2823 856 2886 ea,
888 2822 971 2884 quae
1000 2802 1066 2866 An·

36 2890 156 2955 rtielea
179 2889 290 2953 laudat
312 2888 401 2954 Ulixi
424 2889 520 2973 pedes
544 2891 691 2955 abluens:

104 3009 295 3076 Lenitudo
319 3013 523 3095 orationis,
546 3012 751 3078 mollitudo
775 3013 957 3096 eorporis.

58 3151 109 3217 Ea
128 3152 157 3216 si
179 3153 266 3216 bona
289 3151 453 3236 ducemus,
476 3151 552 3236 quid
572 3152 633 3216 erit
650 3152 685 3217 in
703 3153 888 3236 philosophi
904 3153 1065 3237 gravitate

59 3261 158 3326 quam
185 3240 220 3303 in
246 3239 335 3324 volgi
359 3240 508 3323 opinione
531 3239 765 3325 stultorumque
787 3241 883 3306 turba
913 3242 998 3325 quod
1021 3241 1066 3305 di-

59 3331 150 3393 catur
186 3330 244 3391 aut
276 3328 405 3412 gravius
438 3331 494 3394 aut
524 3327 700 3413 grandius?
760 3328 806 3392 At
837 3329 923 3392 enim
955 3329 1065 3393 eadem
1083 3342 1117 3390 47

36 3414 160 3483 sstoioi
183 3414 387 3500 ‘praeeipua'
411 3417 461 3481 vel
486 3415 670 3499 ‘producta’
694 3416 817 3500 dieunt,
845 3438 926 3500 quae
950 3415 1064 3483 ‘bona'

56 3505 122 3569 isti.
166 3503 288 3568 Dicunt
313 3503 363 3568 illi
391 3504 532 3588 quidem,
559 3504 615 3569 sed
637 3503 678 3568 iis
701 3505 800 3568 vitam
827 3505 956 3570 beatam
980 3527 1064 3570 eorn-
