2346 3876
100 155 167 219 396
296 152 594 208 TUSCULANARUM
611 151 917 208 DISPUTATIONUM

101 320 208 381 autem
235 337 256 380 o
282 315 408 380 ratione
436 315 710 379 aversaincitata
733 319 784 380 est
807 314 1091 396 vehementiaque

100 403 202 468 libido
230 407 281 468 est
306 403 359 468 vel
387 402 547 485 cupiditas
579 403 748 485 effrenata,
780 425 864 488 quae
896 404 932 467 in
960 365 1090 468 omnibus

48 504 81 550 13
101 491 211 556 stultis
240 491 411 556 invenitur.
454 489 601 574 Itemque
628 513 701 556 cum
730 492 777 555 ita
804 513 1030 575 movemur,u
1010 491 1092 555 utin

100 580 186 650 bono
210 580 311 644 simus
335 579 456 661 aliquo,
479 579 649 662 dupliciter
670 579 704 643 id
722 578 895 663 contingit
930 577 1015 644 Nam
1034 601 1092 643 cun

100 668 227 733 ratione
245 668 371 730 animus
391 669 538 731 movetur
559 666 683 751 placide
703 670 800 750 atque
818 671 1017 750 constanter,
1036 671 1109 730 tumr

100 756 180 820 illud
202 754 381 840 gaudium
404 753 535 838 dicitur3
564 776 637 818 cum
661 758 768 818 autem
791 755 934 819 inaniter
957 759 989 819 et
1011 754 1092 818 effuse

101 844 228 908 animus
243 843 375 924 exultat,
393 846 461 905 tum
481 842 540 906 illa
556 843 715 906 laetitia
733 843 910 926 gestiens
925 844 977 907 vel
993 841 1094 907 nimia

102 931 165 996 dici
192 935 313 1014 potest,
346 951 442 1014 quarn
469 931 518 994 ita
549 930 719 995 definiunt:
751 931 821 995 sine
851 931 979 995 ratione
1011 929 1094 996 animi

101 1020 283 1084 elationem.
332 1017 568 1101 Quoniamque,
596 1022 633 1083 ut
659 1019 746 1082 bona
771 1021 892 1082 natura
921 1019 1095 1103 adpetimus,

101 1108 148 1172 sic
176 1130 195 1170 a
222 1106 317 1169 malis
344 1110 461 1170 natura
488 1106 698 1190 declinamus,
725 1127 808 1191 quae
834 1106 1009 1172 declinatio
1036 1125 1095 1171 eum
1103 1127 1119 1167 ιι

101 1195 226 1259 ratione
250 1193 322 1276 fiet,
344 1194 473 1259 cautio
496 1195 691 1278 appelletur,
719 1215 820 1278 eaque
842 1192 1096 1280 intellegaturin

102 1283 172 1346 solo
200 1302 269 1345 esse
297 1281 454 1365 sapiente3
483 1303 564 1365 quae
593 1285 700 1346 autem
728 1281 797 1345 sine
824 1283 954 1347 ratione
982 1287 1095 1347 etcum

102 1369 339 1434 exanimatione
362 1368 477 1433 humili
502 1374 599 1454 atque
621 1369 738 1452 stacta,
765 1370 954 1434 nominetur
977 1374 1096 1450 metus3

103 1461 152 1522 est
175 1459 276 1542 igitur
298 1461 404 1522 metus
426 1479 448 1522 a
469 1459 594 1523 ratione
622 1479 737 1522 aversa
765 1457 883 1524 cautio.
927 1455 1097 1523 Praesentis

51 1552 210 1630 nautam
242 1546 321 1609 mali
353 1545 509 1628 sapientis
541 1545 680 1610 adfectio
711 1545 804 1609 nulla
839 1549 904 1629 est,
937 1546 1122 1610 stultorunu

102 1634 271 1718 aegritudo
290 1637 352 1715 est,
375 1654 475 1717 eaque
498 1633 690 1698 adficiuntur
712 1634 746 1698 in
763 1634 858 1697 malis
878 1633 1020 1716 opinatis
1042 1631 1096 1699 aui·

102 1743 236 1805 mosque
263 1720 438 1785 demittunt
466 1724 499 1784 et
524 1720 721 1785 contrahunt
746 1721 866 1785 rationi
893 1743 962 1786 non
990 1722 1098 1787 obtem·

101 1814 262 1893 perantes.
310 1808 424 1891 Itaque
450 1808 530 1872 haec
556 1809 663 1892 prima
690 1808 834 1872 definitio
857 1813 921 1892 est,
951 1813 989 1876 ut
1011 1808 1098 1893 aegri·

101 1898 179 1962 tudo
213 1899 256 1961 sit
288 1897 388 1960 animi
420 1896 610 1960 adversante
647 1897 772 1961 ratione
809 1899 1001 1964 contractio.
1054 1895 1099 1961 Sic

103 1989 256 2069 quattuor
270 1984 529 2067 perturbationes
544 1988 628 2067 sunt,
646 1990 711 2048 tres
726 1984 940 2069 constantiae,
959 1985 1124 2070 quoniamst

83 2142 85 2147 ,
104 2072 297 2156 aegritudini
319 2072 409 2135 nulla
432 2072 615 2136 constantia
638 2073 822 2156 opponitur.

65 2165 82 2226 7
169 2158 231 2223 Sed
260 2181 370 2224 omnes
398 2160 657 2243 perturbationes
685 2161 801 2225 iudicio
829 2165 962 2226 censent
986 2161 1054 2224 fieri
1072 2162 1099 2222 et

103 2247 263 2331 opinione.
317 2246 432 2330 Itaque
464 2270 518 2313 eas
552 2248 707 2313 definiunt
737 2250 895 2332 pressius,
921 2253 961 2314 ut
989 2248 1100 2313 intelle

103 2340 213 2420 gatar,
240 2357 306 2399 non
334 2336 429 2400 modo
453 2359 549 2420 quam
572 2336 723 2421 vitiosae,
753 2337 810 2401 sed
833 2335 933 2400 etiam
959 2359 1053 2421 quam
1072 2334 1100 2398 iu

102 2429 214 2490 nostra
246 2424 314 2487 sint
344 2428 514 2506 potestate.
568 2423 630 2489 Est
658 2446 736 2509 ergo
764 2425 972 2508 aegritudo
1002 2423 1126 2507 opinior

102 2535 213 2578 recens
246 2512 324 2576 mali
355 2513 549 2594 praesentis,
580 2513 615 2579 in
646 2535 708 2596 quo
742 2511 869 2576 demitti
899 2512 1100 2596 contrahique

103 2601 210 2665 animo
238 2604 362 2664 rectum
390 2621 460 2664 esse
487 2600 648 2684 videatur,
675 2600 830 2664 laetitia
859 2600 972 2684 opinio
1001 2619 1100 2665 recens

102 2689 179 2753 boni
202 2688 395 2772 praesentis,
424 2689 457 2751 in
484 2710 547 2771 quo
571 2688 683 2751 ecferri
710 2691 834 2752 rectum
857 2709 928 2752 esse
957 2689 1102 2768 videatur,

103 2779 226 2840 metus
245 2777 354 2859 opinio
372 2776 588 2859 impendentis
606 2775 694 2858 mali,
713 2775 799 2859 quod
816 2775 1025 2841 intolerabile
1041 2794 1102 2840 esse

103 2862 263 2945 videatur,
285 2864 419 2928 lubido
438 2864 547 2947 opinio
567 2864 694 2928 venturi
715 2864 806 2946 boni,
829 2864 915 2946 quod
933 2865 979 2928 sit
996 2887 1034 2929 ex
1051 2883 1130 2927 usuro

51 2972 84 3020 15
103 2951 168 3014 iarn
196 2971 348 3032 praesens
381 2972 450 3016 esse
483 2955 578 3035 atque
611 2950 730 3014 adesse.
785 2949 847 3016 Sed
879 2973 963 3034 quae
994 2951 1104 3016 iudicia

103 3059 245 3121 quasque
274 3039 442 3120 opiniones
470 3039 748 3123 perturbationum
776 3060 846 3104 esse
878 3040 959 3124 dixi,
987 3038 1104 3105 nonin

104 3125 151 3190 eis
178 3126 437 3209 perturbationes
465 3128 568 3191 solum
597 3128 721 3211 positas
749 3148 819 3192 esse
847 3127 974 3212 dicunt,
1003 3147 1104 3191 verum

103 3214 161 3277 illa
184 3213 296 3296 etiarn,
318 3234 399 3297 quae
418 3213 601 3279 efficiuntur
618 3215 930 3298 perturbationibus,
954 3220 992 3280 ut
1012 3214 1104 3299 aegri·

103 3301 181 3365 tudo
214 3301 305 3384 quasi
338 3323 480 3366 morsum
514 3303 654 3386 aliquem
687 3303 807 3367 doloris
840 3303 976 3388 efficiat,
1008 3308 1132 3369 metus

102 3410 264 3453 recessum
287 3389 445 3473 quendam
469 3391 568 3468 animi
592 3395 625 3454 et
647 3390 773 3474 fugam,
795 3391 922 3455 laetitia
945 3392 1105 3476 profusam

93 3477 316 3566 bilaritatem,
340 3477 452 3545 lubido
481 3477 670 3542 effrenatam
697 3480 926 3562 adpetentiam.
973 3479 1105 3563 Opina-
