2346 3876
300 157 367 212 ιιι.
387 159 407 212 1.
437 157 514 212 CAP.
533 165 580 228 ιι,
600 166 642 214 ιι.
669 165 863 226 §loo—104.
901 236 904 242 Ι
1023 161 1089 226 319

73 319 206 402 dorum,
230 319 464 403 philosophum
485 341 552 384 non
573 321 765 405 ignobilem,
787 344 893 388 nonne
913 325 1089 390 miramur?

74 407 126 472 cui
155 429 230 472 cum
257 407 472 491 Lysimachus
499 429 555 472 rex
587 430 712 473 erucem
742 410 933 493 minaretur,
964 412 1090 498 ‘Istis,

75 494 251 580 quaeso',
283 495 441 580 inquit,
450 497 503 560 ist
508 518 528 560 a
488 495 765 562 thorribilia
792 499 973 562 minitare
1000 523 1088 584 pur·

74 584 228 667 puratis
256 583 350 666 tuis3
378 583 568 649 Theodori
596 584 763 667 quidem
778 585 878 649 nihil
909 586 1089 671 interest,

51 672 233 736 ehumine
265 692 312 735 ιιι
344 671 507 736 sublime
538 671 739 755 putescat?
785 671 882 737 Cuius
911 673 971 739 hoc
1002 675 1088 740 dicto

76 760 265 837 admoneor,
288 762 325 823 ut
342 759 463 843 aliquid
483 760 581 824 etiam
604 759 643 824 de
661 759 849 824 humatione
868 765 901 825 ιι
921 762 1089 846 sepultura

77 847 247 912 dicendum
275 847 469 930 existimem,
496 869 564 911 rem
586 866 652 911 non
676 847 853 932 difficilem,
881 849 921 913 iis
943 872 1088 934 praeser-

76 935 136 1000 tim
159 934 315 1018 cognitis,
338 957 419 1018 quae
443 935 483 999 de
501 935 584 1000 nihil
603 936 771 1000 sentiendo
789 937 888 1020 paulo
908 939 1088 1003 antedicta

76 1027 160 1088 sunt.
197 1021 248 1087 De
271 1044 334 1105 qua
356 1021 505 1087 Socrates
528 1022 657 1106 quidem
682 1023 929 1108 quidsenserit,
953 1030 1089 1110 apparet

48 1111 109 1175 oin
136 1133 176 1176 eo
204 1111 301 1192 libro,
328 1111 364 1175 in
386 1133 449 1212 quo
472 1111 621 1193 moritur,
650 1111 688 1176 de
718 1134 781 1195 quo
804 1113 871 1177 iam
893 1117 962 1177 tam
984 1114 1088 1178 multa

76 1199 226 1263 diximus.
254 1195 335 1262 Cum
350 1199 436 1262 enim
451 1198 516 1264 de
506 1203 629 1264 mmort
615 1199 690 1263 talit
676 1203 743 1264 tate
761 1201 942 1266 animorum
956 1202 1063 1286 dispu·
1090 1213 1140 1262 ιιι

75 1287 214 1352 tavisset
241 1286 310 1350 et
300 1309 366 1350 1am
390 1286 546 1350 moriendi
568 1291 697 1369 tempus
719 1293 884 1372 urgueret,
912 1295 1045 1374 rogatus
1069 1313 1089 1354 a

76 1373 223 1456 Critone,
255 1397 349 1458 quem
382 1375 422 1439 ad
453 1374 583 1439 modum
612 1375 741 1477 sepeliri
768 1376 881 1460 vellet,
911 1377 1087 1441 ‘Multam

75 1461 182 1528 vcro'
183 1460 353 1546 ,inquit
361 1484 527 1547 operam,
549 1464 674 1545 amici,
692 1463 841 1527 frustra
859 1467 1088 1547 consumpsi.

41 1547 232 1615 acrisoni
268 1550 368 1614 enim
408 1554 541 1615 nostro
577 1572 652 1615 non
688 1552 866 1633 persuasi
906 1574 961 1615 me
998 1553 1088 1618 hinc

75 1639 322 1704 avolaturum
353 1660 474 1722 neque
505 1639 577 1703 mei
614 1639 814 1722 quicquam
850 1638 1087 1704 relicturum.

73 1726 218 1791 Verum
245 1730 387 1809 tamen,
419 1724 541 1810 Crito,
574 1727 606 1790 si
638 1748 694 1789 me
727 1725 884 1808 adsequi
910 1728 1087 1810 potueris

74 1818 141 1879 aut
170 1813 296 1878 sicubi
322 1817 486 1879 nanctus
515 1815 606 1896 eris,
635 1818 677 1878 ιιι
698 1814 772 1877 tibi
795 1813 1007 1897 videbitur,
1031 1836 1087 1879 se·

73 1902 210 1988 pelito.
264 1899 348 1984 Sed,
380 1902 473 1967 mihi
505 1902 629 1984 crede,
665 1923 773 1965 nemo
812 1923 867 1965 me
904 1906 1088 1986 vestrum,

34 2008 160 2056 recum
182 1989 273 2054 hinc
296 2010 512 2091 excessero,
542 1988 819 2072 consequetur.
864 1989 1032 2054 Praeclare
1055 1990 1088 2054 id

75 2078 222 2164 quidem,
249 2077 305 2160 qui
333 2081 366 2141 et
393 2079 497 2142 amieo
524 2078 708 2162 permiserit
735 2082 768 2142 et
793 2099 826 2142 se
850 2083 901 2142 ost
887 2079 1027 2143 tenderit
1048 2079 1087 2143 de

74 2166 138 2231 hoc
161 2168 235 2230 toto
258 2185 376 2250 genere
396 2165 479 2230 nihil
502 2166 659 2230 laborare.
696 2164 815 2231 Durior
832 2165 1066 2251 Diogenes,et
1090 2179 1141 2227 104

74 2256 102 2319 is
136 2253 267 2354 quidem
298 2255 379 2318 idem
416 2258 487 2317 sent
487 2255 570 2336 iens,
603 2253 658 2318 sed
692 2258 728 2318 ut
756 2252 897 2336 Cynicus
933 2256 1088 2339 asperius,

75 2341 181 2426 proici
204 2363 238 2405 se
262 2341 358 2406 iussit
380 2341 529 2405 inhumat
516 2345 593 2406 tum.
643 2341 725 2404 Tum
753 2342 861 2405 amici:
895 2341 1088 2407 ‘Volucri-

35 2431 199 2494 2sbusne
236 2431 273 2494 et
307 2428 443 2493 feris?
498 2428 668 2494 ‘Minime
700 2427 820 2512 vero',
858 2429 974 2513 inquit3
1007 2428 1088 2493 ‘sed

75 2517 265 2583 bacillum
296 2521 455 2601 propter
487 2540 556 2601 me,
589 2539 660 2600 quo
693 2515 861 2600 abigam,
887 2516 1088 2598 ponitote’

76 2604 164 2681 ‘Qui
192 2604 380 2688 poterisl'
412 2604 517 2687 illi,
522 2604 725 2670 nonenim
753 2603 920 2668 senties?
973 2603 1088 2687 ‘Quid

76 2694 202 2778 igitur
224 2692 319 2757 mihi
339 2692 508 2757 ferarum
531 2693 703 2757 laniatus
727 2691 855 2756 oberit
877 2690 978 2755 nihil
1004 2713 1088 2756 sen-

76 2782 179 2846 tient
164 2779 233 2845 til’
284 2780 452 2845 Praeclare
481 2781 707 2882 Anaxagoras,
737 2779 792 2863 qui
819 2801 891 2843 cum
918 2777 1089 2863 Lampsaci

36 2888 65 2934 so
78 2872 275 2952 moreretur,
303 2869 532 2952 quaerentibus
561 2868 687 2952 amicis,
716 2866 814 2931 vellet
800 2870 855 2930 tne
879 2865 1089 2933 Clazomenas

77 2957 112 3021 in
140 2956 293 3041 patriam,
322 2960 350 3020 si
382 2956 458 3040 quid
489 2956 672 3038 accidisset,
705 2954 836 3032 auferri,
868 2953 994 3019 ‘Nihil
1025 2978 1088 3020 ne-

78 3066 186 3110 cesse
222 3043 316 3128 est',
352 3044 475 3128 inquit,
512 3043 694 3127 ‘undique
729 3043 828 3106 enim
863 3042 907 3106 ad
942 3042 1090 3107 inferos

78 3132 307 3199 tantundem
337 3134 422 3197 viae
453 3132 531 3197 est'
583 3132 728 3214 Totaque
756 3131 794 3194 de
824 3131 950 3195 ratione
977 3131 1090 3194 huma·

78 3221 177 3286 tionis
201 3242 301 3284 unum
323 3221 496 3285 tenendum
520 3224 583 3302 est,
607 3219 647 3284 ad
667 3240 782 3302 corpus
805 3218 896 3282 illam
919 3218 1090 3301 pertinere,

39 3329 68 3372 ss
81 3311 147 3375 sive
172 3307 326 3388 occiderit
349 3309 474 3380 animus
498 3309 564 3373 sive
596 3307 712 3392 vigeat.
763 3306 802 3370 In
825 3326 957 3388 corpore
981 3308 1088 3369 autem

81 3397 285 3481 perspicuum
308 3400 358 3460 est
379 3397 431 3461 ιι]
455 3397 594 3461 extincto
624 3395 732 3459 animo
755 3393 806 3475 vel
831 3393 941 3474 elapso
963 3392 1088 3456 nullum

81 3486 219 3558 residere
244 3505 383 3550 sensum.
