2346 3876
102 161 167 227 332
296 161 593 216 TUSCULANARUM
610 159 917 216 DISPU'I'A'I'IONUM

101 323 205 388 maius
233 328 459 408 argumentum
485 323 568 387 nihil
595 344 667 387 eam
696 321 863 404 prodesse,
895 342 990 404 quam
1016 339 1090 403 quos·

101 412 174 476 dam
197 412 358 495 perfectos
381 411 592 494 philosophos
615 410 754 492 turpiter
780 409 913 472 vivere?

48 512 81 559 13
167 505 213 563 M.
235 497 371 564 Nullum
389 520 466 564 vero
485 498 517 562 id
536 498 665 582 quidem
685 499 913 581 argumentum
933 500 991 561 est
1023 492 1090 558 Nam

101 592 139 652 ut
157 587 228 672 agri
246 608 312 652 non
330 608 441 651 omnes
460 586 609 670 frugiferi
627 588 710 667 sunt,
728 585 783 669 qui
803 583 962 666 coluntur,
978 583 1090 647 falsum·

101 695 162 759 que
184 675 264 738 illud
287 675 390 740 Accii:
1099 691 1107 730 s

145 798 292 863 Probae
307 798 381 862 e‘tsi
399 797 438 861 in
457 800 626 882 segetem
641 800 731 862 sunt
747 796 982 859 deteriorem
1000 795 1091 859 datae

146 885 305 971 Fruges,
328 889 456 949 tamen
482 886 591 968 ipsae
619 887 756 968 suapte
783 887 924 947 natura
952 883 1092 961 enitent,

102 1027 149 1090 sio
180 1027 279 1092 animi
309 1048 377 1091 non
409 1047 521 1090 omnes
553 1026 633 1090 culti
658 1025 800 1089 fructum
832 1023 953 1088 ferunt
997 1025 1093 1106 Atque,
1132 988 1135 1145 l

101 1118 138 1178 ut
164 1115 199 1177 in
226 1113 338 1179 eodem
367 1115 465 1178 simili
492 1135 614 1196 verser,
646 1117 683 1176 ut
709 1133 787 1196 ager
815 1112 965 1196 quamvis
994 1110 1093 1174 fertilis
1133 1170 1135 1201 ÷

102 1202 170 1265 sine
193 1201 320 1266 cultura
341 1200 526 1267 fructuosus
549 1222 619 1266 esse
641 1222 707 1265 non
728 1203 852 1284 potest,
875 1201 923 1264 sic
946 1199 1015 1264 sine
1035 1198 1135 1281 doc-a}

101 1289 188 1352 trina
211 1289 349 1370 animus3
376 1290 425 1354 ita
452 1294 502 1354 est
523 1293 660 1374 utraque
686 1310 738 1353 res
767 1288 838 1353 sine
860 1289 966 1352 altera
987 1286 1094 1352 debilis.
1133 1300 1135 1363 ξ

103 1374 237 1441 Cultura
264 1381 372 1442 autem
399 1378 498 1442 animi
530 1376 738 1460 philosophia
765 1379 827 1458 est3
858 1375 941 1440 haee
973 1373 1095 1440 extrahit
1133 1374 1135 1379 ’

61 1508 76 1525 .
101 1465 182 1529 vitia
204 1466 358 1530 radicitus
382 1469 414 1530 et
436 1469 609 1549 praeparat
631 1466 756 1530 animos
776 1464 816 1528 ad
838 1467 931 1528 satus
956 1462 1095 1546 accipien-

103 1553 160 1618 dos
193 1575 292 1637 eaque
319 1554 451 1618 mandat
478 1554 517 1617 iis
547 1558 592 1638 et,
623 1557 660 1618 ut
689 1553 737 1617 ita
764 1551 884 1634 dicam,
911 1552 1004 1635 serit,
1028 1569 1095 1634 quae

102 1641 215 1706 adulta
241 1643 364 1706 fructus
391 1642 570 1706 uberrimos
597 1641 715 1705 ferant.
763 1640 911 1724 Agamus
934 1639 1045 1724 igitur,
1068 1639 1121 1700 uto

102 1730 275 1813 coepimus.
319 1729 393 1813 Dic,
416 1729 444 1793 si
466 1729 531 1810 vis,
553 1730 592 1794 de
616 1751 679 1814 quo
703 1728 861 1811 disputari
884 1728 976 1793 velis.

51 1835 84 1882 14
168 1818 209 1882 A.
240 1816 421 1882 Dolorem
457 1818 638 1881 existimo
676 1837 889 1880 maxumum
926 1817 1096 1880 malorum

103 1906 281 1969 omnium.

168 1999 213 2056 Μ
235 1993 387 2057 Etiamne
410 1993 512 2058 maius
537 2016 634 2077 quam
656 1991 819 2060 dedecus?

168 2082 209 2145 A.
236 2078 311 2144 Non
330 2080 432 2145 audeo
455 2082 559 2146 dicere
582 2081 616 2144 id
634 2080 777 2165 quidem,
801 2083 833 2144 et
852 2101 903 2144 me
921 2081 1124 2164 pudectama

103 2170 167 2231 cito
190 2168 229 2232 de
252 2170 416 2233 sententia
439 2190 510 2234 esse
533 2169 699 2233 deiectum.

168 2261 213 2321 Μ.
236 2256 343 2340 Magis
375 2260 460 2321 esset
490 2255 687 2340 pudendum,
720 2257 747 2321 si
779 2257 814 2320 in
845 2258 1009 2322 sententia
1042 2275 1100 2339 per·

103 2365 257 2408 maneres.
306 2342 391 2419 Quid
420 2346 506 2408 enim
532 2345 638 2409 minus
666 2347 716 2409 est
743 2344 890 2429 dignum,
922 2367 1022 2429 quam
1050 2341 1100 2407 tibi

102 2433 193 2516 peius
217 2432 387 2516 quicquam
409 2431 511 2497 videri
534 2432 702 2515 dedecore,
727 2432 867 2516 flagitio,
890 2429 1099 2516 turpitudine?

103 2543 184 2604 quae
207 2525 244 2586 ut
267 2520 418 2605 effugias,
440 2521 512 2604 quis
535 2525 674 2585 estnon
696 2521 792 2585 modo
817 2521 1030 2603 recusandus,
1055 2515 1127 2584 sedo

102 2631 168 2673 non
191 2609 277 2674 ultro
301 2608 514 2692 adpetendus,
543 2607 740 2691 subeundus,
768 2607 978 2691 excipiendus
1001 2604 1101 2673 dolor?

168 2698 209 2761 A.
236 2696 288 2761 Ita
310 2718 441 2779 prorsus
465 2696 624 2761 existimo.
655 2694 775 2771 'Quare
796 2717 838 2759 ne
862 2696 907 2760 sit
927 2719 1006 2761 sane
1030 2716 1102 2761 sum-

103 2806 192 2847 mum
214 2784 337 2848 malum
360 2783 466 2866 dolor,
489 2785 610 2848 malum
634 2787 719 2848 certe
741 2787 799 2848 est.

169 2878 214 2935 M.
237 2871 378 2935 Videsne
397 2873 510 2956 igitur,
533 2876 689 2956 quantum
708 2871 851 2936 breviter
869 2872 1055 2937 admonitus
1072 2870 1104 2934 de

103 2957 224 3023 doloris
247 2962 369 3023 terrore
392 2960 566 3025 deieceris?
1045 2971 1049 2977 ’
1114 2975 1132 3014 ³⁰

51 3071 83 3119 15
169 3047 210 3110 A.
237 3045 340 3110 Video
363 3047 475 3131 plane,
497 3048 553 3112 sed
575 3049 648 3132 plus
671 3048 827 3112 desidero.

169 3140 215 3197 M.
237 3133 401 3216 Experiar‘
418 3137 578 3219 equidem3
608 3135 663 3200 sed
687 3157 881 3220 magnares
905 3141 968 3218 est,
995 3138 1107 3201 auimo·

103 3243 164 3304 que
187 3221 268 3285 mihi
292 3241 374 3303 opus
398 3226 535 3287 estnon
557 3227 765 3309 repugnante.

169 3310 210 3373 A.
243 3308 387 3374 Habebis
414 3308 447 3372 id
476 3311 612 3393 quidem.
661 3311 707 3376 Ut
741 3312 827 3376 enim
857 3312 929 3376 heri
959 3312 1037 3397 feci,
1068 3312 1108 3375 sic

103 3398 383 3480 munerationem,
407 3419 469 3481 quo
493 3421 531 3462 ea
553 3421 604 3464 me
628 3421 763 3483 cumque
786 3399 894 3484 ducet,
918 3421 1043 3484 sequar.
1119 3413 1135 3455 ³⁵

57 3487 81 3550 6
165 3491 211 3551 Μ.
235 3485 383 3553 Primum
405 3487 505 3574 igitur
528 3488 566 3552 de
584 3488 796 3552 inbecillitate
818 3487 996 3554 multorum
1021 3493 1055 3553 et
1075 3487 1112 3552 de.
