2346 3876
117 171 160 236 48
373 170 678 227 .ACADEMIGORUM
695 171 862 228 PRIORUM

117 335 201 400 nihil
225 357 307 419 esse,
335 335 420 419 quod
447 335 570 419 percipi
592 336 706 418 possit.
755 335 809 398 An
831 335 866 398 in
889 357 926 402 eo
952 336 1127 402 auctoritas

117 424 201 489 nihil
238 424 352 489 obest?
411 423 494 488 Mihi
531 424 659 507 quidem
695 423 821 488 videtur
857 425 908 488 vel
940 425 1127 508 plurimum.

119 511 197 588 Quis
225 513 310 577 enim
337 512 402 577 ista
429 516 498 577 tam
526 515 636 596 aperte
664 513 895 596 perspicueque
919 516 951 577 et
976 534 1128 596 perversa

119 604 152 666 et
177 601 262 666 falsa
289 604 416 667 secutus
446 603 543 683 esset,
569 601 635 664 nisi
661 604 754 664 tanta
780 601 815 665 in
836 601 997 686 Arcesila,
1026 603 1126 667 multo

119 691 215 755 etiam
242 691 346 827 maiqr
372 691 407 754 in
435 687 598 754 Carneade
625 693 658 753 11
684 689 778 772 eopia
804 710 912 754 rerum
941 692 973 754 et
1001 689 1149 755 dicendis

118 780 167 844 vis
192 778 326 842 fuisset.

64 836 108 964 ἐξ)
184 867 274 931 Η111
291 866 472 930 Antiochus
493 865 559 930 1111
582 868 616 930 11
632 866 853 931 Alexandreae
874 870 997 931 tumet
1016 868 1126 931 multis

119 956 211 1021 annis
240 959 316 1039 post
343 955 446 1019 multo
471 955 568 1018 etiam
597 954 851 1039 adseverantius,
874 956 910 1019 in
933 954 1030 1039 Syria
1056 977 1126 1021 cum

119 1048 205 1108 esset
238 1065 376 1121 mecum,
408 1042 506 1126 paulo
538 1045 612 1106 ante
644 1065 742 1126 quam
774 1046 824 1107 est
854 1047 1025 1108 mortuus(
1067 1043 1127 1110 Sed

118 1134 185 1196 iam
208 1132 397 1196 confirmata
419 1153 517 1195 causa
538 1134 585 1214 te,
612 1130 777 1196 hominem
802 1132 1036 1196 amicissimum
1063 1131 1126 1218 (me
1139 1155 1160 1195 u

119 1225 229 1285 autem
265 1219 464 1304 appellabat)
498 1222 531 1282 et
562 1220 685 1303 aliquot
720 1221 812 1284 annis
847 1220 1008 1286 minorem
1040 1223 1128 1304 natu,

118 1331 185 1374 non
222 1307 376 1373 dubitabo
413 1329 556 1371 monere:
596 1308 699 1391 Tune,
732 1329 803 1372 cum
838 1310 939 1373 tantis
976 1309 1127 1374 laudibus

30 1442 34 1449 «
119 1396 363 1480 philosophiam
381 1395 533 1460 extuleris
547 1393 821 1480 Hortensiumque
839 1400 989 1461 1111111111
1007 1397 1127 1464 dissen-

118 1487 255 1551 tientem
278 1483 504 1568 commoveris,
528 1506 599 1548 eam
621 1485 863 1569 philosophiam
882 1507 1023 1570 sequere,
1047 1507 1127 1572 quae

119 1573 287 1640 confundit
309 1596 386 1638 vera
409 1595 482 1638 cum
504 1572 610 1656 falsis,
639 1572 759 1657 spoliat
780 1596 840 1639 nos
864 1574 999 1658 iudici0,
1021 1576 1162 1658 privatis

120 1663 353 1747 adprobatione
382 1661 485 1739 omni,
518 1661 613 1726 orbat
644 1662 815 1726 sensibus?
868 1662 913 1727 Et
946 1661 1127 1728 Cimmeriis

119 1752 263 1836 quidem,
290 1750 407 1835 quibus
431 1753 597 1832 aspectum
620 1750 698 1815 solis
723 1751 790 1815 sive
819 1751 896 1815 deus
921 1751 1038 1836 aliquis
1063 1752 1128 1816 sive

118 1844 238 1904 natura
256 1839 419 1903 ademerat
437 1838 503 1902 sive
522 1838 591 1902 eius
610 1838 686 1921 loci,
705 1860 800 1922 quem
818 1839 1019 1924 incolebant,
1038 1839 1129 1924 situs,

119 1929 213 2012 ignes
235 1931 346 1991 tamen
368 1926 514 2004 aderant,
537 1948 672 2010 querum
694 1927 759 1991 illis
777 1928 825 1992 uti
850 1928 972 2011 lumine
996 1929 1127 2012 licebat3

119 2017 175 2080 isti
198 2020 320 2098 autem,
343 2036 423 2099 quos
446 2017 483 2079 tu
505 2015 640 2099 probas,
662 2016 763 2080 tantis
788 2016 899 2080 offusis
922 2017 1066 2083 tenebris
1088 2036 1165 2081 nen

120 2104 297 2169 scintillam
324 2103 453 2186 quidem
479 2103 581 2167 ullam
608 2104 704 2169 nobis
733 2104 774 2168 ad
799 2104 1035 2188 dispiciendum
1058 2105 1129 2170 reli·

121 2194 270 2276 querunt3
295 2213 375 2276 quos
399 2193 428 2256 si
446 2213 629 2276 sequamur,
651 2192 693 2256 iis
712 2192 824 2257 vinclis
848 2194 949 2256 simus
974 2193 1129 2277 adstricti,

67 2301 101 2350 ea
120 2284 158 2345 ut
192 2303 253 2346 nos
289 2301 489 2345 commovere
519 2302 726 2364 nequeamus.
785 2279 920 2346 Sublata
951 2283 1039 2347 enim
1077 2283 1129 2348 ad-

32 2382 34 2385 ·
121 2369 268 2434 1111111111
301 2390 429 2433 onmem
461 2370 494 2433 et
530 2372 657 2434 1111111111
688 2369 869 2435 animorum
902 2374 933 2435 et
970 2371 1128 2437 actionem

120 2479 228 2522 rerum
260 2458 472 2541 sustulerunt,
506 2456 591 2540 quod
621 2479 688 2521 non
718 2459 814 2523 modo
841 2463 927 2524 recte
955 2460 1042 2544 fieri,
1074 2459 1164 2525 sedis

121 2547 251 2612 omnino
274 2546 344 2610 fieri
364 2566 431 2610 non
452 2548 570 2629 potest.
621 2545 758 2610 Provide
781 2547 893 2630 etiam,
920 2569 961 2612 ne
983 2549 1042 2613 uni
1068 2548 1129 2613 tibi

120 2636 218 2700 istam
251 2634 444 2698 sententiam
475 2633 606 2710 minime
638 2634 734 2698 liceat
767 2635 945 2700 defendere.
999 2636 1054 2700 An
1085 2641 1130 2720 tu,

121 2746 192 2792 curn
211 2745 262 2786 res
283 2722 516 2788 occultissimas
537 2723 699 2805 aperueris
717 2723 752 2787 111
769 2725 937 2808 lucemque
956 2726 1146 2807 protuleris·

120 2813 306 2893 iuratusque
325 2809 441 2873 dixeris
461 2832 499 2874 ea
515 2814 548 2874 te
567 2810 760 2894 comperisse
783 2809 883 2898 (quod
903 2812 985 2876 mihi
1003 2833 1129 2898 quoque

120 2899 249 2981 licebat,
272 2898 327 2981 qui
350 2919 388 2961 ex
410 2901 443 2961 te
465 2899 524 2963 illa
546 2898 788 2984 cognoveram),
810 2900 945 2986 negabis
967 2921 1038 2966 esse
1061 2915 1166 2966 remu

120 2987 233 3070 ullam,
275 3007 355 3069 quae
395 2988 559 3071 cognosci,
600 2988 800 3071 comprendi,
843 2989 967 3071 percipi
1001 2989 1130 3072 possit?

120 3074 216 3157 Vide,
244 3095 377 3158 quaeso,
401 3076 499 3139 etiam
527 3079 623 3159 atque
646 3077 756 3160 etiam,
783 3098 824 3140 ne
851 3077 981 3140 illarum
1004 3098 1131 3163 quoque

120 3185 227 3228 rerum
249 3162 538 3246 pulcherrimarum
562 3187 582 3227 a
603 3167 636 3227 11
661 3164 733 3247 ipso
757 3165 920 3229 minuatur
943 3167 1129 3232 auctoritas.

121 3251 210 3328 Quae
234 3271 306 3316 111111
329 3251 463 3316 dixisset
484 3253 552 3336 ille,
574 3253 669 3316 finem
693 3251 780 3317 fecit.

68 3361 101 3410 11
186 3338 377 3405 Hortensius
419 3343 528 3404 autem
572 3339 776 3405 vehementer
816 3342 981 3407 admirans
1026 3341 1167 3428 (quode

122 3428 250 3511 quidem
276 3431 432 3513 perpetuo
458 3428 593 3494 Lucullo
621 3428 773 3512 loquente
802 3429 935 3515 fecerat,
967 3434 1005 3496 ut
1032 3432 1132 3497 etiam

60 3535 229 3640 ‘Qus
257 3538 358 3600 saepe
400 3516 544 3604 tolleret3
580 3537 640 3587 uec
671 3517 805 3605 mirum,
838 3541 916 3583 nam
952 3541 1132 3604 numquam
