2346 3876
261 144 368 214 1111.
396 160 475 216 cAP.
493 165 523 229 s,
542 167 566 216 1.
594 165 609 226 s
629 165 749 216 11-14.
966 161 1007 223 11

24 321 143 385 uadem
168 321 333 387 societate.
381 321 431 387 Ac
459 322 497 386 de
525 344 651 387 summo
678 322 807 406 quidem
835 327 1010 407 111111111-

24 409 99 474 nali
126 409 215 474 bono
239 409 286 474 sio
309 413 426 494 agunt,
454 413 561 475 cetera
588 413 694 475 autem
720 413 880 493 pertinere
907 411 948 475 ad
978 411 1009 476 id

24 501 120 562 utant
140 502 198 562 aut
218 498 441 582 adaugendum
465 501 522 563 aut
543 498 730 582 tenendum,
753 502 790 562 ut
813 499 952 583 divitias,
973 504 1010 563 ut

24 607 92 669 pes,
120 590 158 650 ut
186 586 337 671 gloriam,
364 590 402 651 ut
427 587 577 671 gratiam.
631 585 684 651 Ita
710 587 875 671 tripartita
902 587 943 651 ab
970 588 1010 652 iis

24 673 166 738 rducitur
187 674 274 738 ratio
296 673 463 740 bonorum.

89 761 200 846 Atque
225 763 306 826 haec
337 763 396 826 illa
428 767 502 827 sunt
530 763 595 827 tria
622 782 753 846 genera,
783 784 864 846 quae
896 766 1012 846 putant
1029 731 1063 854 {32

24 849 147 934 lerique
175 850 409 933 Peripateticos
437 850 550 915 dicere.
598 850 637 914 Id
664 851 792 934 quidem
811 861 884 915 'uon
914 851 1010 935 falso,

24 942 54 1002 st
87 938 174 1002 enim
209 937 290 1002 haec
320 939 456 1022 partitio
487 939 630 1020 illorum,
666 938 748 1002 illud
783 938 1011 1022 imprudenter,

24 1027 34 1090 i
71 1026 153 1090 alios
186 1048 256 1091 esse
292 1024 501 1113 Academicos
538 1030 560 1107 †
596 1027 650 1110 qui
686 1026 762 1090 dum
799 1028 1011 1111 appetantur,

24 1113 85 1179 lios
108 1113 341 1199 Peripateticos
366 1115 572 1180 arbitrantur.
613 1112 801 1180 Communis
824 1116 904 1180 haec
926 1116 1011 1180 ratio

24 1201 199 1286 tetrisque
218 1201 272 1267 hic
288 1203 447 1268 bonorum
465 1203 539 1268 finis
557 1203 740 1286 videbatur,
759 1202 906 1288 adipisci,
930 1224 1011 1288 quae

25 1293 113 1354 ssent
134 1291 241 1374 prima
263 1294 381 1356 natura
403 1312 546 1375 quaeque
568 1292 641 1375 ipsa
658 1312 716 1374 per
737 1313 806 1356 sese
825 1291 1011 1376 expetenda,

24 1380 62 1442 ,11
92 1379 203 1443 omnia
235 1383 291 1442 aut
322 1380 471 1444 maxima.
526 1378 578 1443 Ea
612 1383 688 1444 sunt
723 1383 831 1444 autem
863 1380 1012 1462 maxima,

24 1488 86 1550 quae
112 1467 148 1531 in
177 1467 249 1550 ipso
277 1468 384 1531 animo
413 1471 508 1551 atque
534 1469 570 1532 in
598 1466 671 1551 ipsa
693 1468 812 1532 virtute
834 1472 1012 1533 versantur.

24 1554 119 1639 teque
146 1555 253 1619 omnis
281 1555 340 1619 illa
366 1556 498 1639 antiqua
523 1554 732 1639 philosophia
759 1556 861 1619 sensit
886 1552 922 1620 in
947 1578 1013 1620 una

24 1642 126 1706 irtute
140 1663 212 1708 esse
230 1643 372 1726 positam
390 1644 520 1708 beatam
538 1645 649 1725 vitam,
666 1664 726 1706 nec
741 1647 852 1706 tamen
865 1643 1013 1708 beatissi·
1051 1717 1057 1729 ι

24 1752 104 1816 nam,
130 1730 196 1795 nisi
224 1729 473 1815 adiungerentur
499 1734 532 1794 et
558 1730 701 1814 corporis
729 1733 762 1794 11
785 1734 904 1812 cetera,
931 1752 1012 1814 quae

24 1818 222 1989 sutus
246 1818 830 1991 11111111111111
854 1818 1014 1971 dotti
1031 1837 1066 1884 2³

24 1994 109 2078 psius
127 1995 257 2059 initium
275 1995 509 2079 reperiebatur,
528 1994 612 2078 quod
631 1998 700 2058 erat
714 1997 750 2059 in
768 1996 1012 2060 conservatione

24 2105 116 2148 arum
139 2104 261 2166 rerum,
284 2105 362 2165 quas
384 2087 501 2147 natura
520 2083 761 2166 praescriberet.
796 2082 883 2148 Hine
902 2085 1013 2167 gigne-

24 2175 102 2236 1111
123 2172 203 2255 fuga
226 2171 366 2235 desidiae
384 2172 650 2256 voluptatumque
669 2173 875 2255 contemptio,
893 2193 932 2236 ex
951 2193 1013 2255 quo

24 2259 156 2324 eborum
173 2258 380 2343 dolorumque
395 2260 556 2342 susceptio
572 2259 749 2324 multorum
761 2280 1013 2344 magnommque

24 2347 88 2412 soti
113 2346 305 2431 honestique
332 2370 431 2412 causa
458 2351 628 2448 eteorum
659 2369 778 2431 rerum,
811 2369 891 2431 quae
923 2350 1014 2411 erant

24 2439 351 2589 titubant
376 2434 1015 2607 crassus‘’susessuu?¹¹uuss

24 2615 41 2675 1
65 2611 288 2695 voluptatibus
317 2616 350 2676 11
377 2612 489 2676 multis
523 2612 608 2675 vitae
636 2610 812 2676 commodis
845 2614 1016 2692 antepone·

24 2703 135 2764 rantur.
176 2698 266 2764 Haec
288 2700 417 2784 quidem
439 2699 502 2764 fuit
521 2699 605 2783 apud
628 2721 683 2765 eos
704 2720 829 2764 morum
852 2698 1015 2762 institutio

24 2791 43 2850 11
77 2788 148 2852 eius
185 2789 302 2872 partis,
335 2810 431 2872 quarn
463 2787 601 2872 primam
635 2787 743 2871 posui,
778 2786 885 2850 forma
920 2789 1016 2869 atque

24 2874 108 2941 tiscri
130 2876 188 2940 tio.

74 2899 129 3028 Di
157 2967 274 3029 natura
301 2968 408 3030 autem
438 2961 486 3050 (id
513 2965 599 3029 enim
626 2960 832 3047 sequebatur)
859 2962 906 3027 ita
936 2963 1017 3027 dice·
1036 2980 1070 3028 24

24 3055 103 3136 rant,
129 3061 168 3116 ut
190 3073 262 3117 eam
286 3052 465 3117 dividerent
487 3052 522 3116 in
543 3073 595 3115 res
621 3051 713 3132 duas,
740 3053 777 3114 ut
804 3050 907 3115 altera
934 3057 1019 3115 esset

24 3139 169 3223 ifficiens,
207 3141 311 3205 altera
345 3143 453 3204 autem
485 3139 577 3223 quasi
612 3138 687 3204 huic
719 3160 753 3202 se
770 3139 946 3221 praebens
982 3159 1019 3202 ex

24 3249 112 3313 aque
140 3228 321 3294 efficeretur
349 3227 478 3312 aliquid.
526 3227 567 3291 In
589 3248 640 3311 eo,
667 3226 753 3310 quod
775 3226 929 3308 efficeret,
951 3227 1041 3295 rim·

24 3337 79 3380 isse
98 3316 283 3400 censebant,
300 3317 335 3380 in
352 3337 390 3380 eo
410 3319 526 3399 autem,
544 3315 629 3399 quod
646 3314 832 3397 efficeretur,
849 3312 1018 3411 materiam

24 3405 186 3487 quandam,
218 3404 254 3468 in
289 3407 424 3488 utroque
450 3408 561 3468 tamen
588 3407 771 3486 utrumque,
798 3421 903 3483 neque
933 3417 1018 3462 emm
1140 3470 1142 3475 ¹

24 3493 182 3576 nuteriam
209 3493 316 3576 ipsam
344 3493 513 3557 cohaerere
538 3492 698 3578 potuisse,
729 3489 759 3557 si
778 3488 874 3554 uuita
892 3486 930 3552 ui
949 3506 1026 3550 eon·
1140 3498 1142 3503 '
