2346 3876
302 177 372 233 ara.
389 177 423 234 n.
447 176 529 265 ¹orn
549 183 671 234 11-13.
697 183 853 244 eas-ea.
1017 179 1082 244 339

73 361 141 406 nen
169 360 241 405 csse
266 338 458 422 nequitiam3
487 339 595 403 desine
622 338 728 402 idme
758 337 886 422 docere,
911 340 973 405 hoc
996 341 1083 424 doce

74 428 202 494 doleam
234 448 334 493 necne
366 427 505 507 doleam,
540 426 622 490 nihil
658 426 822 492 interesse.
881 426 1082 511 ‘Numquam

73 514 277 600 quiequam',
299 514 417 597 inquit,
440 513 497 578 ‘ad
519 515 614 579 beate
636 513 766 597 quidem
788 514 974 597 vivendum,
997 517 1082 599 quod

74 603 179 667 estin
196 624 263 667 una
279 603 399 667 virtute
417 603 572 684 positum3
596 603 653 667 sed
672 605 722 665 est
742 606 851 667 tamen
868 603 1082 668 reiciendum?

41 687 161 755 seur?
207 688 378 772 ‘Asperum
409 693 473 772 est,
503 693 617 753 contra
647 693 811 773 naturam,
848 689 980 755 difficile
1011 713 1081 773 per-

73 799 185 861 pessu,
207 777 316 860 triste,
338 775 474 842 durum?

34 928 38 932 i
137 863 229 929 Haec
252 868 302 929 cst
324 864 417 946 copia
439 865 623 946 verborum,
653 863 738 946 quod
761 875 873 929 omnes
896 887 959 930 uno
982 839 1134 932 verbo13

73 951 220 1017 ‘malum’
244 952 459 1035 appellamus,
486 952 520 1016 id
541 956 592 1017 tot
615 952 718 1017 modis
740 966 837 1035 posse
860 953 972 1018 dicere.
1017 954 1080 1019 De·
1099 915 1136 963 ⁸⁰

71 1039 147 1105 finis
170 1043 207 1103 tu
230 1038 324 1121 mihi,
346 1060 412 1104 non
433 1039 523 1104 tollis
546 1040 703 1122 dolorem,
726 1062 798 1104 cum
821 1041 900 1107 dicis
923 1063 1081 1126 asperum,

34 1147 61 1193 ro
72 1130 189 1193 contra·
207 1130 370 1208 naturam,
393 1126 448 1191 rix
466 1127 551 1210 quod
568 1126 645 1191 ferri
667 1128 863 1212 tolerarique
880 1130 999 1212 possit3
1023 1152 1081 1196 nee

72 1214 235 1296 mentiris3
270 1214 326 1279 sed
357 1235 392 1278 re
424 1215 631 1281 succumbere
669 1237 735 1280 non
766 1217 938 1299 oportebat
973 1219 1080 1284 verbis

72 1302 273 1386 gloriantem.
315 1300 419 1367 ‘Nihil
440 1302 575 1384 bonum,
597 1303 662 1367 nisi
685 1303 770 1386 quod
791 1303 975 1388 honestum,
997 1306 1080 1371 nihil

72 1390 209 1473 melum,
239 1389 303 1453 nisi
330 1388 415 1472 quod
445 1389 561 1472 turpe’
615 1389 737 1473 Optare
768 1391 830 1455 hoc
861 1393 990 1474 quidem
1022 1398 1080 1477 cst,

72 1498 138 1542 non
166 1477 288 1543 docere.
332 1476 418 1541 Illud
445 1481 478 1541 et
504 1478 618 1542 melius
645 1482 678 1541 et
699 1479 818 1560 verius,
846 1480 968 1562 omnia,
998 1487 1080 1564 quae

34 1569 192 1629 sanatura
219 1567 421 1647 aspernetur,
448 1565 483 1628 in
509 1565 605 1631 malis
633 1586 716 1648 asse,
745 1587 828 1648 quae
851 1567 1022 1648 adscismt,
1046 1570 1079 1633 in

70 1652 176 1717 bonis.
221 1650 293 1716 Hoc
314 1652 421 1735 posito
445 1655 478 1715 et
494 1653 665 1717 verborum
688 1653 926 1717 concertatione
950 1655 1080 1718 sublata

57 1743 201 1803 tantum
229 1742 339 1803 tamen
362 1740 496 1805 excellet
517 1740 611 1824 illud,
639 1741 724 1824 quod
747 1743 832 1805 reete
855 1740 1078 1824 amplexantur

70 1827 146 1911 isti,
178 1825 263 1911 quod
294 1826 484 1910 honestum,
517 1826 601 1928 quod
632 1832 772 1910 rectum,
808 1828 894 1913 quod
929 1829 1079 1892 decorum

70 1914 286 1998 appellamus,
308 1914 393 1998 quod
415 1915 500 1979 idem
523 1915 683 1979 interdum
707 1916 836 1979 virtutis
859 1916 989 1979 nomine
1013 1938 1079 1979 am-

34 2025 59 2067 so
70 2001 257 2085 plectimur,
280 2007 317 2065 ut
335 2003 445 2067 omnia
467 2007 648 2086 praeterea,
669 2025 749 2087 quae
772 2003 860 2067 bona
880 2005 1023 2086 corporis
1046 2009 1080 2068 et

70 2089 222 2155 fortunae
243 2092 411 2172 putantur,
433 2091 607 2175 perexigua
625 2094 659 2155 et
676 2091 802 2156 minuta
821 2090 998 2174 rideantur,
1020 2113 1079 2156 nec

70 2177 194 2242 malum
220 2176 336 2264 ullum,
363 2198 404 2241 ne
432 2178 460 2242 si
488 2179 522 2243 in
544 2200 643 2243 unum
670 2179 776 2243 locum
799 2178 927 2262 quidem
949 2180 1079 2244 conlate

70 2265 182 2330 omnia
201 2265 276 2345 sint,
294 2286 367 2329 cum
384 2265 594 2348 turpitudinis
611 2266 696 2331 malo
715 2266 941 2348 comparanda.
974 2266 1078 2343 Quare
1097 2280 1130 2328 31

71 2352 113 2436 si,
144 2355 183 2417 ut
213 2351 308 2416 initio
341 2353 544 2434 concessisti,
560 2381 562 2387 ·
579 2353 743 2436 turpitudo
775 2354 866 2435 peius
899 2356 949 2416 est
981 2376 1079 2438 quam

35 2464 58 2505 u
70 2439 178 2522 dolor,
200 2439 283 2505 nihil
300 2443 351 2505 est
372 2441 467 2522 plane
490 2439 587 2504 dolor.
623 2439 710 2504 Nam
728 2439 805 2505 dum
824 2440 886 2503 tibi
903 2444 997 2522 turpe
1019 2463 1079 2506 nec

71 2527 205 2612 dignum
240 2528 309 2591 viro
346 2527 506 2591 videbitur
540 2548 685 2612 gemere,
722 2527 858 2609 eiulare,
897 2528 1077 2610 lamentari,

69 2614 193 2700 frangi,
215 2612 378 2679 debilitari
395 2614 520 2697 dolore,
542 2615 619 2679 dum
641 2615 809 2696 honestas,
831 2614 907 2678 dum
925 2614 1079 2699 dignitas,

71 2702 148 2767 dnm
175 2701 271 2766 decus
295 2702 411 2784 aderit,
436 2706 536 2786 tuque
558 2703 593 2765 in
616 2724 654 2766 ea
676 2702 805 2767 intuens
833 2705 865 2765 te
888 2703 1078 2788 continebis,

71 2790 164 2855 cedet
188 2789 334 2872 profecto
361 2791 475 2855 virtuti
503 2790 594 2855 dolor
617 2793 650 2854 et
672 2789 772 2854 animi
801 2789 986 2855 inductione
1009 2791 1077 2857 lan·
1144 2794 1149 2821 ¹

36 2901 59 2942 ao
71 2881 211 2962 gneseet
247 2876 315 2941 Aut
332 2878 418 2943 enim
435 2878 526 2942 nulla
547 2878 651 2942 virtus
674 2881 725 2942 est
748 2881 805 2941 aut
827 2879 1077 2944 contemnendus

71 2964 177 3031 omnis
210 2963 309 3031 dolor.
362 2965 610 3030 Prudentiamne
642 2965 691 3030 vis
724 2986 808 3047 esse,
839 2965 908 3029 sine
940 2987 1004 3050 qua
1036 2989 1078 3031 ne

70 3052 218 3138 intellegi
245 3052 373 3136 quidem
400 3055 467 3118 ulla
494 3053 596 3117 virtus
623 3052 752 3136 potest?
798 3053 882 3130 Quid
909 3055 1009 3139 ergo?
1039 3077 1078 3119 ea

69 3141 254 3224 patieturne
285 3143 317 3203 te
349 3142 519 3225 quicquam
547 3140 654 3205 facere
681 3141 765 3205 nihil
795 3141 1016 3224 proficientem
1045 3148 1078 3206 et

68 3229 190 3308 fmstra
207 3228 419 3312 laborantem,
438 3251 479 3292 an
496 3229 712 3311 temperantia
726 3230 810 3293 sinet
827 3233 859 3292 te
877 3229 1077 3294 inmoderate

35 3316 178 3383 efacere
204 3315 389 3400 quiequam,
417 3339 459 3381 an
486 3316 548 3380 coli
574 3316 701 3381 iustitia
725 3316 848 3400 poterit
875 3317 915 3381 ab
947 3316 1078 3381 homine

69 3407 203 3488 propter
234 3403 301 3468 vim
332 3403 451 3470 doloris
486 3405 674 3469 enuntiante
705 3403 891 3486 commissa,
922 3403 1077 3486 prodente

70 3491 231 3577 conscios,
253 3491 357 3556 multa
379 3492 486 3558 officia
508 3492 729 3577 relinquente?
768 3489 873 3567 Quid?
895 3491 1120 3557 fortitudinia!

861 3592 929 3644 aa*
