2346 3876
158 208 164 229 ,
246 155 315 211 LIB.
333 155 380 211 lv.
408 155 485 210 onP.
504 161 591 210 s-u.
620 161 635 221 s
655 163 776 211 11-16.
950 156 1014 220 207

37 313 102 390 Quod
131 317 216 381 idem
250 338 323 381 oum
354 317 454 381 vestri
485 317 623 400 faciant,
653 339 718 384 non
752 319 830 382 satis
865 340 1014 403 magnam

37 404 155 470 tribuunt
176 405 401 475 inventoribus
426 406 575 489 gratiam.
1041 459 1061 521 6

82 490 137 557 Sed
164 492 245 557 haec
273 492 437 556 hactenus.
486 490 580 556 Nunc
607 493 786 576 videamus,
814 515 946 576 quaeso,
976 495 1068 582 dc14

37 599 134 644 ammo
155 580 258 663 bono,
288 580 374 663 quod
397 580 541 646 continet
563 580 818 663 philosophiam,
844 581 920 664 quid
943 586 1015 645 tan·

37 665 87 731 den
102 669 261 746 attulerit,
283 689 380 750 quam
397 669 439 733 ob
456 689 526 733 rem
549 669 590 732 ab
608 667 830 732 inventoribus
848 673 1014 753 tamquam

36 755 236 837 aparentibus
260 755 455 820 dissentiret.
493 756 565 821 Hoc
587 756 689 840 igitur
711 756 797 839 loco,
820 778 1015 841 quamquam

36 848 99 927 ate,
120 843 215 926 Oete,
239 843 411 928 diligenter
434 849 484 908 est
506 844 714 927 explicatum,
741 844 815 907 finis
838 844 892 908 hic
915 845 1015 910 bono-

36 949 86 994 rum
104 936 136 996 et
164 932 236 1016 quis
260 953 280 996 a
303 929 419 996 Stoicis
443 935 476 995 et
504 953 597 1016 quem
622 931 661 995 ad
686 931 819 996 modum
847 931 1015 1016 diceretur,

35 1018 119 1082 tanen
146 1041 207 1103 ego
234 1040 360 1103 quoque
384 1040 557 1102 exponam,
580 1024 617 1083 ut
638 1020 885 1102 perspiciamus,
909 1021 937 1084 si
959 1042 1016 1102 po·

36 1106 178 1189 tacrimus,
207 1106 360 1191 quidnam
384 1129 404 1172 a
425 1106 553 1172 Zenone
575 1108 654 1172 novi
677 1107 721 1171 sit
744 1109 886 1172 allatum.
933 1105 1015 1172 Cum

37 1192 98 1258 enin
119 1196 314 1278 superiores,
345 1216 361 1258 e
384 1195 500 1278 quibus
523 1194 712 1277 planissime
734 1194 881 1279 Polemo,
905 1217 1014 1260 secun-

37 1278 90 1346 dum
108 1286 257 1347 naturam
284 1283 391 1347 vivere
419 1305 580 1347 summum
608 1282 729 1347 bonum
757 1305 826 1347 esse
850 1284 1014 1362 dixissent,

36 1363 71 1430 bis
95 1370 198 1434 verbis
230 1371 295 1435 tria
323 1370 498 1454 significari
527 1368 627 1435 Stoici
657 1369 781 1454 dicunt,
812 1393 912 1436 unum
946 1373 1014 1436 eius

38 1455 115 1539 nodi,
149 1460 258 1522 vivere
298 1457 504 1522 adhibentem
541 1457 711 1522 scientiam
753 1480 862 1522 earum
898 1480 1015 1541 rerum,

37 1561 94 1623 quae
108 1550 226 1611 natura
244 1545 420 1630 evenirent3
444 1546 529 1610 hunc
552 1546 659 1628 ipsum
676 1544 814 1610 Zenonis
836 1547 927 1610 aiunt
946 1568 1015 1610 esse

37 1627 121 1717 finan,
143 1634 361 1698 declarantem
382 1634 477 1717 illud,
500 1633 585 1718 quod
608 1656 627 1697 a
649 1637 682 1697 te
706 1633 826 1697 dictum
849 1636 912 1715 est,
940 1655 1014 1698 con-

37 1720 173 1785 venienter
194 1725 330 1786 naturae
353 1721 473 1805 viverc3
498 1722 634 1785 alterum
657 1720 834 1805 significari
856 1721 955 1803 idem,
978 1725 1015 1784 ut
1035 1734 1067 1782 15

38 1804 58 1866 si
75 1807 238 1891 diceretur,
265 1809 371 1873 officio
400 1809 508 1873 media
535 1809 644 1872 omnia
676 1811 732 1872 aut
763 1808 915 1891 pleraque
948 1831 1014 1872 ser-

38 1899 140 1960 vantem
181 1897 299 1960 vivere.
360 1895 432 1961 Hoc
470 1897 516 1961 sic
553 1896 734 1978 expositum
771 1895 927 1960 dissimile
965 1901 1014 1960 est

38 1984 176 2062 superiori.
224 1983 311 2047 Illud
339 1985 425 2048 enim
451 1988 575 2047 rectum
603 1989 653 2047 est
685 1981 785 2068 (quod
811 1979 1013 2067 κατόρθωμα

39 2063 152 2156 dicebas)
171 2071 393 2155 contingitque
412 2071 552 2154 sapienti
571 2071 645 2154 soli,
663 2071 725 2136 hoc
744 2075 851 2136 autem
870 2071 1014 2137 inchoati

39 2155 173 2223 cuiusdam
196 2159 296 2224 officii
319 2163 382 2242 est,
403 2181 469 2223 non
492 2158 639 2242 perfecti,
663 2159 749 2242 quod
767 2160 878 2224 cadere
896 2161 930 2223 in
948 2182 1013 2224 non

39 2242 118 2310 nullos
143 2246 335 2329 insipientes
362 2249 479 2330 potest.
533 2247 679 2311 Tertium
712 2252 833 2332 autem,
862 2248 1013 2312 omnibus

40 2333 77 2393 aa
94 2334 236 2399 maximis
260 2334 355 2398 rebus
378 2335 433 2417 iis,
463 2352 545 2417 quae
569 2334 743 2398 secundum
764 2338 916 2417 naturam
939 2335 1013 2413 sint,

40 2411 169 2487 luentem
205 2422 322 2486 vivere.
376 2421 447 2486 Hoc
478 2442 546 2485 non
578 2426 627 2486 est
662 2422 806 2505 positum
837 2422 871 2485 in
901 2427 1015 2486 nostra

40 2506 148 2595 actione3
171 2510 351 2593 completur
374 2510 459 2573 enim
483 2513 515 2574 et
538 2531 576 2572 ex
599 2531 635 2573 eo
663 2530 778 2593 genere
801 2509 902 2590 vitae,
930 2510 1015 2592 quod

40 2588 129 2661 virtute
150 2597 283 2679 fruitur,
311 2601 404 2660 etex
427 2598 467 2660 iis
494 2597 603 2681 rebus,
630 2618 712 2680 quae
740 2601 817 2660 sunt
840 2595 1014 2660 secundum

40 2683 159 2749 naturam
191 2706 294 2768 neque
327 2688 402 2749 sunt
433 2686 467 2749 in
498 2689 611 2749 nostra
641 2688 813 2767 potestate.
859 2681 921 2747 Sed
952 2684 1014 2748 hoc

40 2782 168 2836 summum
184 2774 314 2855 bonum,
332 2773 417 2856 quod
435 2774 534 2837 tertia
548 2771 785 2855 significatione
804 2771 1014 2856 intellegitur,

40 2868 113 2946 taque
134 2861 214 2943 vita,
243 2881 323 2944 quae
347 2881 385 2923 ex
409 2882 533 2925 summo
561 2860 646 2925 bono
669 2859 810 2944 degitur,
838 2860 913 2943 quia
940 2882 1013 2925 con-

39 2948 297 3012 desanaus
322 2952 384 3032 est,
408 2948 442 3011 in
465 2948 644 3031 sapientem
667 2948 773 3012 solum
797 2948 895 3031 cadit,
923 2949 1013 3031 isque

39 3021 91 3094 finis
109 3035 279 3117 bonorum,
307 3039 344 3099 ut
367 3035 406 3100 ab
435 3036 515 3118 ipsis
539 3033 656 3099 Stoicis
679 3036 837 3119 scriptum
860 3032 1013 3116 videmus,

39 3114 231 3188 axanocrace
255 3126 350 3207 atquc
374 3124 415 3187 ab
436 3123 612 3187 Aristotele
636 3124 830 3188 constitutus
855 3127 912 3188 est.
949 3123 1013 3185 Ita-

38 3217 81 3280 que
102 3210 139 3273 ab
165 3211 207 3274 iis
235 3211 422 3275 constitutio
451 3210 507 3275 illa
534 3210 640 3293 prima
666 3214 812 3292 naturae,
841 3233 861 3273 a
890 3213 1013 3292 quatu

38 3305 136 3379 quoque
160 3298 340 3382 ordiebare,
362 3298 414 3362 his
436 3320 537 3381 prope
559 3297 667 3362 verbis
691 3299 872 3380 exponitur:

85 3382 189 3450 Omnis
221 3389 337 3450 natura
369 3386 439 3449 vult
472 3407 540 3450 esse
569 3386 790 3450 conservatrix
821 3384 883 3465 sui,
915 3385 951 3445 ut
980 3355 1065 3478 et176

38 3464 104 3535 alva
125 3474 167 3539 sit
190 3478 222 3538 et
245 3474 278 3537 in
302 3494 417 3558 genere
437 3477 641 3538 conservetur
662 3494 729 3537 suo.
765 3469 816 3534 Ad
839 3470 1012 3533 lunarem
