2346 3876
101 150 167 214 446
299 144 597 204 rusouunuaauu
615 125 920 229 nrsrurimouun

102 335 175 377 eum
194 312 314 395 ipsum,
333 333 405 376 cum
424 311 525 375 forem
545 311 683 375 cubiculi
701 311 871 394 clauserat,
892 311 1107 395 detorquebat.

101 401 253 483 Idemque
277 421 349 464 eum
371 400 407 463 in
424 399 647 463 communibus
666 400 828 484 suggestis
852 400 1031 464 consistere
1048 422 1108 465 non

51 508 84 556 60
104 488 248 571 auderet,
276 487 456 551 contionari
483 508 521 549 ex
552 487 635 550 turri
669 487 735 550 alta
762 487 899 552 solebat.
950 487 1057 571 Atque
1082 489 1107 551 is

103 598 176 641 cum
207 577 276 659 pila
302 576 410 648 ludere
437 575 535 639 vellet
561 571 717 656 (studiose
745 575 832 638 enim
863 575 898 638 id
926 574 1107 658 factitabat)

102 665 307 747 tunicamque
327 666 472 745 poneret,
492 662 745 744 adulescentulo,
764 683 860 746 quem
882 665 1026 746 amabat,
1047 669 1127 729 tra-⁵

103 753 221 816 didisse
248 751 392 836 gladium
419 750 497 814 dicit
483 753 545 813 t.ur
595 748 658 814 Hie
685 772 757 814 eum
784 750 919 834 quidam
943 752 1105 815 familiaris

102 841 212 905 iocans
240 840 385 903 dixisset:
418 837 532 901 ‘Huic
559 838 710 920 quidem
738 842 842 902 certe
865 841 989 903 vitam
1012 843 1105 904 tuam

103 925 330 992 committis’
336 926 592 1009 ,adrisissetque
610 925 807 1009 adulescens„
826 929 1030 1010 utrumque
1021 928 1106 991 lussit

102 1015 251 1103 interfici,
280 1014 326 1078 alt
312 1018 429 1095 terum,
461 1014 536 1096 quia
562 1014 648 1076 viam
680 1013 828 1079 demonst
814 1015 972 1078 traxisset
1004 1015 1104 1079 interi·

103 1103 210 1167 mendi
229 1103 293 1184 sui,
311 1101 358 1164 alt
344 1105 462 1200 terum,
484 1100 560 1183 quia
579 1102 644 1164 dict
630 1104 700 1164 tum
717 1101 796 1164 id
769 1122 836 1165 rrsu
857 1103 1104 1186 adprobavisset
1115 1125 1133 1163 u

102 1189 209 1273 Atque
232 1211 270 1253 eo
296 1188 383 1251 facto
407 1188 453 1252 sic
476 1188 591 1270 doluit,
618 1188 700 1252 nihil
723 1192 760 1253 ut
786 1189 901 1253 tulerit
925 1191 1104 1274 graviusm

102 1278 181 1360 vita3
209 1297 304 1359 quem
331 1276 417 1339 enim
444 1239 612 1340 vehemerit
598 1280 647 1339 ter
675 1280 813 1360 amarat,
840 1277 1013 1343 occiderat.
1062 1276 1103 1342 Sic

103 1364 325 1429 distrahuntur
347 1364 382 1427 in
405 1365 582 1428 contrarias
607 1365 710 1448 partis
737 1365 968 1448 impotentium
993 1365 1103 1449 cupidi·

102 1457 194 1518 tates.
239 1450 319 1518 Cum
341 1451 416 1515 huic
440 1453 610 1516 obsecutus
634 1453 692 1534 sis,
715 1452 763 1516 illi
786 1455 836 1516 est
858 1455 1102 1538 repugnandum.

49 1524 89 1649 {¹1
169 1541 369 1624 Quamquam
400 1539 453 1603 hic
485 1539 613 1623 quidem
644 1543 803 1623 tyrannus
839 1541 912 1624 ipse
949 1542 1131 1622 iudicavitu

102 1651 199 1712 quam
229 1631 313 1692 esset
341 1628 465 1692 beatus.
516 1626 601 1691 Nam
631 1649 703 1691 cum
733 1628 865 1711 quidam
893 1651 932 1692 ex
961 1631 1028 1694 eius
1058 1628 1101 1692 ad·

103 1740 159 1781 sen
160 1716 334 1799 tatoribus,
369 1714 553 1799 Damocles,
589 1719 855 1781 commemoraret
892 1717 929 1782 in
964 1736 1102 1781 sermone

102 1806 211 1888 copias
230 1804 311 1886 eius,
334 1825 427 1886 opes,
445 1803 648 1867 maiestatem
668 1803 865 1887 dominatus,
882 1826 993 1869 rerum
1013 1805 1102 1869 abun·

102 1893 258 1974 dantium,
281 1890 555 1974 magnificentiam
579 1890 705 1955 aedium
727 1891 889 1975 regiarum
914 1896 1049 1978 negaret
1041 1912 1102 1993 que

101 2002 254 2094 umquam
286 1979 466 2043 beatiorem
497 2000 688 2062 quemquam
719 1978 833 2061 fuisse,
866 1979 1048 2044 Visne
1038 1980 1101 2064 rgi-
1112 2000 1132 2041 a

101 2068 179 2132 tur'
184 2065 374 2216 ,inquit
381 2089 400 2130 o
428 2064 623 2149 Damocle,
651 2067 831 2150 quoniam
854 2071 890 2131 te
914 2068 1009 2133 haec
1032 2069 1103 2132 vita

102 2155 283 2237 delectata,
310 2154 392 2235 ipse
420 2175 499 2218 eam
528 2155 735 2238 degustare
764 2159 800 2218 et
786 2154 1027 2221 tiortunam
1049 2177 1101 2219 ex·

101 2241 222 2326 periri
254 2240 410 2304 meam?’
463 2239 544 2306 (lum
572 2263 606 2305 se
633 2242 689 2305 ille
717 2263 830 2326 cupere
857 2243 1008 2327 dixisset,
1038 2265 1102 2308 eon·

101 2330 201 2395 locari
228 2329 324 2394 iussit
350 2329 515 2393 hominem
543 2330 577 2392 in
600 2351 696 2395 aureo
724 2331 808 2395 lecto
836 2335 940 2396 strato
964 2332 1102 2415 pulcher-

101 2420 182 2483 rimo
204 2418 309 2482 textili
325 2418 479 2502 stragulo,
497 2418 677 2503 magnificis
692 2418 842 2500 operibus
861 2420 960 2503 picto,
978 2421 1102 2484 abacos·
1113 2439 1133 2479 u

101 2529 161 2590 que
184 2506 357 2588 compluris
381 2505 509 2570 ornavit
532 2509 665 2590 argento
689 2527 830 2588 auroque
853 2508 987 2572 caelata.
1029 2507 1103 2571 Tum

101 2595 140 2659 ad
164 2616 308 2659 mensam
331 2594 449 2657 eximia
475 2593 581 2656 forma
607 2615 723 2676 pueros
752 2593 892 2658 delectos
915 2595 1014 2659 iussit
1037 2615 1102 2659 con-

102 2683 214 2747 sistere
242 2704 358 2766 eosque
381 2685 497 2745 nutum
523 2681 610 2744 illius
634 2681 789 2745 intuentis
819 2681 993 2766 diligenter
1015 2681 1103 2746 mini·

49 2774 212 2835 castrare
244 2769 389 2833 Aderant
375 2771 551 2852 ttunguen
552 2791 580 2850 a,
599 2790 743 2851 coronae,
761 2769 979 2833 incendebant
965 2773 1019 2834 tur
1037 2769 1104 2834 odo·

100 2879 165 2940 res,
183 2879 313 2920 mensae
333 2856 612 2939 conquisitissimis
634 2857 737 2948 epulis
755 2858 997 2922 extruebantur.
1034 2857 1102 2921 For·
1114 2877 1135 2918 u

100 2909 195 3009 tunbt
196 2967 233 3007 us
276 2944 338 3007 sibi
379 2942 550 3009 Damocles
586 2944 716 3008 videbat
702 2947 763 3009 t.ur
828 2945 867 3009 In
904 2945 969 3010 hoc
1006 2944 1104 3009 medio

101 3034 258 3116 apparatu
284 3031 463 3116 fulgentem
491 3031 633 3115 gladium
662 3053 678 3094 e
706 3032 848 3097 lacunari
876 3036 967 3098 saeta
995 3033 1104 3117 equina

101 3125 212 3203 aptum
253 3118 351 3181 demit
337 3119 379 3181 tti
419 3119 533 3202 iussit,
570 3123 607 3183 ut
649 3119 848 3202 impenderet
890 3121 980 3186 illius
1024 3118 1105 3186 beati

100 3207 285 3272 cervicibus.
343 3205 457 3288 Itaque
489 3228 549 3272 nec
580 3206 732 3289 pulchros
764 3209 837 3272 illos
869 3209 1104 3274 ministratores

101 3295 278 3378 aspiciebat
308 3316 367 3358 nee
399 3294 528 3377 plenum
566 3296 646 3358 artis
680 3301 849 3379 argentum
880 3317 940 3360 nec
978 3314 1136 3362 manumu

100 3383 288 3467 porrigebat
309 3383 344 3447 in
367 3404 525 3463 mensam,
550 3382 615 3445 iam
638 3384 727 3466 ipsae
750 3383 933 3447 defluebant
957 3405 1104 3466 coronae3

96 3471 234 3558 denique
254 3472 399 3538 exoravit
416 3474 607 3556 tyrannum,
629 3474 665 3533 ut
684 3470 773 3554 abire
792 3471 916 3556 liceret,
940 3473 1105 3556 quodiam
