2346 3876
135 148 200 212 162
299 149 348 203 DE
366 149 511 205 FINIBUS
530 148 710 204 BONORUM
728 149 776 204 ET
795 150 979 207 MALORUM

133 306 375 375 intercesserint
395 311 498 394 milia,
521 314 559 374 ut
581 312 724 375 omnium
746 311 887 377 siderum
911 313 1040 397 eodem,
1062 316 1136 380 unde

134 399 279 482 profecta
302 399 380 480 sint,
406 399 465 463 fiet
489 399 528 462 ad
551 421 650 463 unum
677 403 806 484 tempus
828 403 981 466 reversio.
999 481 1006 486 ,
1026 403 1134 468 Nullus

135 491 185 551 est
206 488 307 572 igitur
330 487 519 570 cuiusquam
542 487 611 552 dies
633 488 762 555 natalis.
808 487 866 552 ‘At
887 488 1056 554 habeturl'
1097 491 1132 557 llt

135 595 195 658 ego
227 576 260 639 id
289 575 411 639 scilicet
433 574 628 639 nesciebam!
676 574 738 640 Sed
760 579 797 640 ut
820 577 876 659 sit,
907 578 1048 643 etiamne
1067 583 1131 664 post

133 667 272 728 mortem
304 662 449 728 coletur?
485 663 581 746 idque
617 666 813 729 testamento
850 665 980 730 cavebit
1010 667 1052 750 is,
1085 667 1128 750 qui

133 753 232 816 nobis
255 751 347 834 quasi
375 750 540 817 oraculum
568 750 704 817 ediderit
725 752 807 816 nihil
830 753 870 816 ad
893 773 954 818 nos
982 756 1127 838 pertinere

132 837 389 922 postmortem?
439 838 529 902 Haec
555 860 622 904 non
649 843 742 904 erent
769 841 853 925 eius,
880 841 936 924 qui
963 841 1127 908 innumere

133 928 209 992 bilis
234 928 371 992 mundos
390 927 598 1010 infinitasque
616 928 772 1012 regiones,
795 949 931 1012 quarum
948 930 1040 995 nulla
1057 933 1126 996 essct

133 1038 204 1099 ore,
221 1016 313 1080 nulla
331 1015 531 1097 extremitas,
549 1018 656 1079 mente
674 1016 921 1100 peregravisset
962 1017 1125 1102 Numquid

132 1104 199 1168 tale
226 1101 452 1168 Democritus?
501 1101 547 1167 Ut
579 1103 660 1168 alios
693 1104 856 1185 omittam,
884 1104 975 1170 <hunc
1007 1106 1152 1190 appello,'

81 1210 131 1258 103
155 1213 250 1275 quem
270 1191 328 1255 ¹ille
350 1212 450 1255 unum
474 1193 602 1256 secutus
626 1195 684 1255 est.
735 1191 856 1267 Quodsi
884 1192 953 1258 dies
981 1194 1123 1260 notandus
1160 1274 1163 1281 Ι

132 1278 208 1359 fuit,
235 1299 351 1343 eumne
373 1279 496 1362 potius,
523 1301 586 1362 quo
608 1281 718 1363 natus,
742 1301 786 1343 sn
808 1302 894 1363 eum,
923 1303 987 1364 quo
1015 1283 1124 1367 sapien
1150 1284 1163 1327 “-

132 1366 237 1430 factus
265 1365 336 1431 est?
384 1364 460 1431 Non
486 1367 609 1450 potuit,
636 1367 778 1451 inquies,
806 1368 876 1432 fieri
906 1370 1047 1456 sapiens,
1075 1368 1124 1434 nisi

131 1458 228 1518 natus
251 1458 345 1519 esset.
385 1453 453 1519 Isto
478 1455 585 1536 modo,
608 1477 649 1520 ne
673 1456 701 1519 si
724 1457 798 1520 avia
821 1456 951 1540 quidem
975 1459 1042 1523 eius
1062 1461 1123 1523 nete

131 1565 199 1606 non
221 1543 314 1608 esset.
358 1541 424 1607 Res
446 1546 529 1622 tota,
558 1541 736 1628 Torquate,
758 1565 824 1609 non
847 1545 1016 1611 doctorum
1037 1542 1163 1639 homiuii

131 1652 223 1714 num,
249 1631 333 1696 velle
360 1633 436 1714 post
463 1634 599 1695 mortem
628 1632 732 1714 epulis
762 1632 919 1697 celebrari
951 1635 1123 1700 memorien
1150 1642 1163 1683 ¹

133 1720 183 1783 sui
211 1719 361 1784 nominis.
420 1717 508 1794 Quos
540 1719 669 1802 quidem
708 1719 777 1784 dies
810 1742 905 1804 quem
937 1722 980 1786 ad
1011 1722 1124 1786 modun

132 1808 237 1891 agetis
262 1811 295 1871 et
312 1807 347 1870 in
365 1809 519 1890 quantam
538 1805 706 1872 hominum
722 1808 902 1872 facetorum
921 1810 1124 1874 urbanitatem

131 1895 316 1972 incurratis,
342 1916 409 1959 non
436 1894 507 1959 dico
536 1891 631 1978 (nihil
659 1918 740 1979 opus
768 1899 818 1960 est
844 1896 984 1983 litibus);
1013 1901 1124 1964 tantun

131 1983 211 2066 dicu,
229 1983 334 2066 magis
351 1981 452 2046 fuisse
465 1985 607 2047 vestrum
622 2003 718 2068 egere
733 1983 867 2068 Epicuri
886 1985 972 2049 diem
990 1987 1163 2068 natalem!

132 2092 228 2154 quam
251 2070 339 2134 illius
361 2074 556 2136 testamento
580 2093 705 2154 cavere,
728 2075 765 2135 ut
788 2076 946 2157 ageretur.
1161 2070 1163 2077 ’

198 2155 259 2222 sed
278 2161 315 2222 ut
334 2158 375 2223 ad
393 2159 597 2242 propositum
620 2156 673 2243 (de
692 2159 801 2224 dolore
821 2161 906 2224 enim
926 2182 999 2226 cum
1021 2163 1125 2227 dicere

131 2268 201 2309 mus
208 2295 216 2328 ,
243 2246 284 2310 ad
310 2247 409 2310 istam
437 2247 608 2330 epistulam
637 2246 736 2312 delati
760 2248 897 2333 sumus),
927 2271 1013 2314 nunc
1034 2253 1125 2316 totum

130 2334 210 2397 illud
237 2334 383 2399 concludi
410 2334 456 2398 sic
483 2335 572 2399 licet:
610 2334 671 2411 Qui
695 2336 729 2399 in
757 2357 883 2401 summo
912 2338 999 2402 malo
1022 2342 1081 2423 est,
1101 2336 1124 2400 is

131 2426 213 2505 tum,
241 2444 313 2487 cum
340 2423 375 2486 in
402 2425 523 2506 coest,
552 2444 618 2487 non
644 2426 694 2487 est
721 2425 848 2510 beatus3
876 2427 1004 2509 sepiens
1032 2429 1163 2491 auten!

131 2531 257 2594 semper
289 2511 403 2575 beatus
436 2514 485 2574 est
516 2514 549 2574 et
576 2513 626 2575 est
653 2511 825 2595 aliquando
854 2513 887 2578 in
917 2513 1041 2599 dolore;
1071 2532 1126 2580 non

131 2603 181 2663 est
211 2599 313 2684 igitur
343 2620 504 2663 summum
531 2599 653 2663 malum
680 2599 780 2665 dolor.
829 2601 899 2666 Iam
930 2602 1015 2668 illud
1045 2601 1126 2688 quale

130 2687 260 2751 tandem
292 2690 354 2770 est,
390 2692 476 2751 bona
511 2688 688 2770 praeterita
725 2710 791 2753 non
826 2689 956 2754 effluere
993 2687 1126 2776 sepienti,

130 2777 217 2839 mala
240 2774 424 2839 meminisse
447 2797 514 2840 non
537 2775 706 2860 oportere?
755 2776 899 2843 Primum
925 2778 962 2842 in
984 2784 1126 2845 nostrane

131 2867 180 2927 est
201 2866 379 2946 potestate,
402 2863 479 2946 quid
502 2863 763 2928 meminerimus?
812 2864 1048 2932 Themistocles
1070 2865 1163 2951 qui-⁸¹

130 2951 215 3027 dem,
239 2972 311 3015 cum
334 2951 364 3013 ei
388 2947 569 3015 Simonides
588 2973 630 3015 an
651 2952 721 3034 quis
741 2953 824 3017 alius
844 2957 946 3018 artem
965 2955 1127 3020 memoriae

130 3039 344 3123 polliceretur,
364 3036 579 3120 ‘Obliuionis',
597 3039 711 3123 inquit,
730 3039 879 3106 ‘mallem
906 3041 993 3108 Nam
1007 3039 1127 3108 memini

132 3127 242 3209 ctiam,
265 3147 347 3210 quae
369 3125 460 3209 nolo,
494 3127 642 3192 oblivisci
663 3150 730 3193 non
756 3151 903 3213 possum,
933 3153 1015 3215 quae
1042 3125 1127 3198 volo’

78 3234 129 3282 105
153 3213 274 3297 Magno
297 3213 351 3279 hic
378 3214 524 3299 ingenio,
551 3215 606 3279 sed
629 3238 680 3281 res
703 3238 737 3281 se
760 3221 871 3282 tamen
895 3219 940 3283 sic
962 3219 1076 3303 habet,
1098 3220 1128 3282 ut

130 3303 227 3367 nimis
246 3301 410 3386 imperiosi
429 3301 615 3386 philosophi
634 3305 678 3367 sit
695 3309 804 3370 vetare
820 3307 1014 3372 meminisse.
1047 3305 1163 3383 Vides

129 3413 169 3455 ne
202 3391 266 3456 istc
298 3390 364 3454 sint
390 3388 558 3454 Manliana
586 3395 695 3457 vestre
726 3397 783 3458 aut
808 3395 935 3459 maiora
965 3397 1077 3480 etiam,
1104 3392 1128 3458 si

124 3480 282 3564 imperes,
315 3478 399 3564 quod
433 3478 537 3543 facere
569 3502 634 3545 non
665 3482 797 3563 possim.
851 3481 947 3568 Quid,
980 3485 1007 3549 si
1039 3484 1128 3549 etiam

77 2136 120 2199 32

80 2213 130 2262 104
