2356 3870
319 200 386 256 me.
404 199 454 256 111.
482 199 559 258 OAP.
579 206 665 256 1-3.
693 205 708 267 ε
728 207 813 258 1-e.
1007 201 1070 267 357

31 387 33 391 ·
61 385 133 428 esse
155 363 238 446 volt,
261 361 435 427 temeraria
458 366 552 446 atque
571 361 811 426 inconsiderata
829 366 862 427 et
884 364 1072 449 plerumque

61 454 269 535 peccatorum
307 450 522 535 vitiorumque
557 449 732 534 laudatrix,
771 450 860 514 fama
895 452 1072 535 popularis,

62 537 271 604 simulatione
293 538 474 603 honestatis
496 536 636 602 formam
660 538 727 602 eius
751 537 1072 624 puchritudinemque

62 627 252 711 corrumpit.
311 626 382 702 Qua
420 627 574 691 caecitate
603 626 771 708 homines,
808 648 879 691 euru
915 627 1072 711 quaedam

10 736 12 741 ’
41 716 164 780 setiam
187 714 354 799 praeclara
375 717 528 797 cuperent
550 735 650 798 eaque
672 714 833 778 nescirent
854 735 913 777 nec
935 715 991 779 ubi
1013 736 1073 779 nec

64 803 175 888 qualia
202 805 322 886 essent,
348 801 492 866 funditus
521 801 577 865 alii
604 805 788 866 everterunt
815 824 889 866 suas
915 803 1072 886 civitatee,

10 912 14 919 ·
64 891 119 956 alii
136 891 202 974 ipsi
222 889 416 955 oeciderunt.
449 889 556 973 Atque
573 889 609 953 hi
627 889 754 973 quidem
774 893 908 974 optuma
926 894 1072 974 petentes

63 1000 128 1045 non
145 982 217 1043 tarn
229 978 397 1043 uoluntate
412 998 509 1061 quam
528 998 640 1041 cursus
655 998 761 1042 errore
774 977 940 1042 falluntur.
968 977 1072 1053 Quid?

64 1067 118 1152 qui
135 1066 294 1150 pecuniae
313 1066 500 1149 cupiditate,
518 1065 574 1149 qui
587 1065 793 1150 voluptatum
811 1065 948 1131 libidine
965 1066 1071 1130 ferun·

10 1160 15 1239 j
36 1174 56 1216 u
64 1157 125 1233 tur,
143 1175 343 1239 quorumque
361 1155 409 1217 ita
426 1154 655 1237 perturbantur
673 1153 782 1237 animi,
799 1157 837 1218 ut
854 1174 921 1219 non
933 1155 1071 1219 multum

10 1244 17 1305 t
64 1242 173 1307 absint
195 1243 236 1306 ab
258 1242 399 1325 insania,
427 1241 512 1325 quod
535 1241 762 1324 insipientibus
785 1243 947 1326 contingit
969 1244 1071 1307 omni-

62 1330 136 1414 bus,
164 1330 215 1395 his
237 1330 368 1394 nullane
392 1333 441 1394 est
469 1329 651 1393 adhibenda
677 1329 824 1394 curatio?
853 1333 963 1394 utrum
985 1330 1071 1414 quod

62 1418 170 1483 minus
192 1422 331 1483 noceant
349 1417 449 1483 animi
473 1418 711 1502 aegrotationes
735 1439 832 1501 quam
853 1419 1005 1501 corporiS,
1029 1440 1071 1484 an

63 1506 148 1591 quod
167 1527 304 1589 corpora
323 1507 428 1570 curari
446 1506 583 1607 possint,
605 1505 785 1568 animorum
803 1505 961 1569 medicina
978 1507 1071 1570 nulla

10 1576 127 1669 lusit?
165 1594 212 1657 At
234 1597 267 1658 et
284 1594 390 1659 morbi
413 1593 659 1694 perniciosiores
680 1593 851 1676 pluresque
875 1597 949 1656 sunt
972 1564 1110 1688 animi}

62 1703 161 1767 qnam
188 1683 347 1767 corporis;
373 1682 435 1746 hoc
463 1682 548 1746 enim
574 1681 646 1765 ipso
670 1680 774 1744 odiosi
801 1683 891 1763 sunt,
918 1681 1001 1765 quod
1030 1681 1072 1746 ad

10 1770 13 1849 J
61 1771 208 1836 animum
245 1770 410 1854 pertinent
441 1790 575 1886 eumque
612 1768 803 1852 sollicitant,
840 1766 1071 1853 animusque

61 1856 207 1942 acger',
229 1864 267 1922 ut
290 1859 336 1922 ait
357 1856 530 1941 Ennius,
537 1878 685 1940 semper
713 1859 817 1920 errat
842 1877 963 1940 neque
986 1857 1071 1940 pati

59 1967 185 2029 neque
203 1946 354 2029 perpeti
372 1949 515 2029 potest,
536 1966 672 2028 cupere
689 1966 890 2028 numquam
910 1943 1070 2009 desinit?

26 2033 188 2111 sonibus
212 2033 336 2098 duobus
359 2034 495 2116 morbis,
518 2037 554 2097 ut
577 2034 725 2098 omittam
748 2033 845 2117 alios,
869 2032 1070 2117 aegritudine

60 2124 94 2186 et
126 2121 316 2204 cupiditate,
354 2122 410 2206 qui
441 2121 571 2185 tandem
602 2121 778 2203 possunt
768 2143 802 2185 1n
834 2142 968 2204 corpore
1000 2142 1071 2184 esse

60 2208 257 2310 graviores?
301 2209 363 2285 Qui
386 2230 461 2274 vero
492 2209 624 2292 probari
651 2213 709 2292 pot
695 2210 773 2291 t,est
801 2212 838 2272 ut
865 2208 927 2273 sibi
950 2209 1071 2272 mederi

61 2297 189 2362 animus
215 2317 282 2361 non
311 2298 430 2382 possit,
462 2318 535 2361 cum
565 2297 670 2380 ipsam
702 2258 894 2360 medicinam
927 2296 1070 2379 eorporis

60 2386 189 2450 animus
220 2385 390 2467 invenerit,
423 2405 557 2468 cumque
593 2382 633 2448 ad
665 2405 836 2467 corporum
869 2384 1070 2448 sanationem

22 2473 243 2537 tumultum
219 2494 306 2573 ipsa
339 2494 474 2574 corpora
506 2475 539 2536 et
568 2475 687 2536 natura
718 2471 826 2535 valeat
857 2493 916 2535 nec
951 2493 1072 2554 omnes,

61 2561 116 2645 qui
141 2561 247 2625 curari
270 2582 304 2625 se
327 2561 415 2645 passi
438 2561 517 2644 sint,
540 2560 692 2624 continuo
716 2559 815 2623 etiam
836 2559 1071 2642 convalescant,

61 2647 162 2712 animi
190 2652 312 2732 autem,
346 2649 401 2732 qui
432 2669 467 2712 se
495 2647 602 2713 sanari
634 2647 796 2712 voluerint
825 2647 1071 2731 praeceptisque

61 2736 256 2820 sapientium
286 2736 465 2820 paruerint,
488 2736 557 2801 sine
579 2735 647 2800 ulla
670 2734 806 2799 dubitat'
782 2738 871 2799 trone
895 2733 1070 2799 sanentur?

60 2822 124 2888 Est
146 2823 292 2907 profecto
315 2823 414 2889 animi
437 2824 607 2906 medicina,
628 2823 852 2907 philosophia3
875 2824 963 2888 euius
983 2822 1070 2887 auxi·
1089 2834 1105 2883 6

20 2911 143 2976 unum
169 2932 235 2976 non
262 2915 299 2976 ut
325 2913 360 2976 in
382 2911 527 2996 corporis
554 2911 676 2976 morbis
703 2911 877 2994 petendum
905 2915 955 2976 est
980 2912 1071 2995 foris,

61 2999 276 3083 omnibusque
313 3000 429 3083 opibus
464 2999 603 3082 viribus,
641 3003 678 3063 ut
713 3002 843 3064 nosmet
876 2999 940 3082 ipsi
975 2999 1070 3064 nobis

60 3087 185 3152 mederi
216 3088 391 3171 possimus,
422 3087 653 3152 elaborandum
685 3089 742 3151 est.
797 3086 998 3171 Quamquam
1031 3086 1070 3151 de

60 3175 213 3240 universa
235 3175 456 3259 philosophia,
480 3179 601 3260 quanto
625 3195 720 3257 opere
739 3178 772 3238 et
790 3175 967 3258 expetenda
985 3176 1071 3237 esset

61 3267 95 3327 et
113 3262 260 3345 colenda,
279 3264 373 3346 satis,
396 3266 433 3327 ut
450 3264 603 3345 arbitror,
625 3262 746 3326 dictum
765 3267 815 3328 est
833 3263 868 3326 in
886 3260 1070 3326 Hortensio.

14 3348 110 3417 &De
145 3351 305 3415 maxumis
343 3354 452 3415 autem
484 3351 579 3415 rebus
615 3350 698 3414 nihil
734 3350 801 3415 fere
837 3350 1070 3415 intermisimus

58 3441 176 3523 postea
202 3458 261 3502 nec
290 3438 453 3520 disputare
480 3459 540 3504 nec
570 3438 717 3503 scribere.
761 3437 823 3503 His
847 3442 953 3502 autem
976 3436 1069 3502 libris

59 3526 208 3611 exposita
222 3530 298 3591 runt
316 3547 363 3611 ea,
381 3547 463 3610 quae
482 3547 502 3590 a
518 3526 613 3591 nobis
628 3547 700 3590 eum
721 3525 935 3591 familiaribus
949 3524 1069 3591 nostris

10 1476 18 1545 l
