2346 3876
106 180 151 244 50
372 175 853 246 romanccrvuvuouuu

106 363 142 406 re
170 340 301 425 publiea
328 340 540 425 disceptatur,
568 339 638 404 fieri
664 339 826 406 interdum
852 340 950 421 solet,
977 339 1120 411 iurarem

107 451 166 513 per
186 427 296 501 Iovem
324 428 465 513 deosque
491 431 627 512 penates
648 449 701 493 me
724 432 758 493 et
779 429 890 501 ardere
918 429 1028 497 studio
1050 429 1120 505 veri
1156 504 1158 508 ,

53 515 287 605 comperiendi
319 520 352 581 et
384 538 422 581 ea
452 515 585 600 mutire,
617 537 699 600 quae
731 516 878 588 dicerem·
934 516 1001 597 'Qui
1033 518 1120 589 onim

107 627 241 689 possum
263 627 331 672 non
353 626 468 689 cupere
490 625 603 677 verum
624 605 781 688 invenire,
803 627 877 675 cum
898 604 1069 689 gaudeam,
1090 605 1120 671 si

108 693 213 767 simile
231 694 299 763 veri
317 693 395 778 quid
413 692 611 759 invenerim?
642 691 714 777 Sed,
731 697 769 759 ut
785 693 847 765 hoc
863 693 1147 778 pulcherrimum

108 804 178 847 esse
200 781 320 866 iudico,
347 803 424 847 vera
449 780 571 865 videre,
598 781 645 845 sic
671 803 730 866 pro
757 782 843 853 veris
869 782 1006 866 probare
1035 781 1121 851 falsa

107 870 333 955 turpissimum
360 873 419 935 est.
467 867 537 935 Nec
563 872 675 937 tamen
702 870 816 954 ogeis
844 891 930 954 sum,
956 870 1013 954 qui
1035 869 1119 937 nihil

108 980 263 1044 umquam
284 957 362 1030 falsi
380 957 570 1041 adprobem,
594 957 650 1041 qui
667 979 845 1042 numquam
866 957 1042 1044 adsentiar,
1064 959 1120 1042 qui

106 1046 189 1111 nihil
217 1047 342 1130 opiner,
374 1045 429 1111 sed
456 1045 639 1130 quaerimus
667 1045 706 1109 de
733 1046 890 1130 sapiente.
939 1045 1014 1130 Ego
1042 1067 1120 1111 vero

107 1135 177 1219 ipse
200 1137 233 1201 et
254 1154 392 1218 magnus
416 1133 545 1218 quidem
567 1155 639 1205 suro
662 1133 814 1218 opinator
836 1130 1023 1218 (nonenim
1047 1155 1158 1208 sumre

108 1219 250 1307 sapiens)
272 1226 307 1287 et
322 1244 411 1288 meas
433 1221 647 1306 cogitationes
666 1222 712 1288 sic
735 1222 857 1307 derigo,
878 1243 945 1295 non
961 1223 1005 1289 ed
1026 1223 1120 1289 illam

107 1309 277 1394 parvulam
300 1307 518 1394 Cynosuram,

127 1415 206 1491 Qua
227 1414 359 1484 fidunt
381 1416 472 1480 duce
493 1419 682 1482 nocturna
703 1416 919 1482 Phoenices
941 1416 981 1481 in
1003 1417 1103 1502 alto,

108 1534 145 1683 pet
170 1531 220 1684 aitt
241 1529 377 1615 Aratus,
406 1551 506 1614 eoque
531 1531 689 1595 derectius
714 1531 910 1616 gubernent,
937 1530 1024 1615 quod
1047 1553 1120 1596 eam

141 1641 205 1684 nen
226 1669 236 1703 ,
338 1680 340 1685 ,
1131 1646 1156 1687 u

127 1725 228 1803 Quae
251 1746 365 1791 cursu
387 1726 578 1791 interiore
600 1724 709 1790 brevi
732 1724 978 1791 convertitur
1001 1725 1109 1810 orbe,

108 1840 165 1905 sed
178 1838 315 1905 Helicen
328 1843 361 1903 et
374 1839 572 1906 clarissimes
582 1838 846 1923 Septentriones,
858 1839 894 1905 id
908 1843 959 1904 est
972 1839 1119 1914 rationes

107 1928 168 1993 has
194 1927 309 1992 latiore
328 1927 448 2011 specie,
469 1950 536 1993 non
554 1928 595 1992 ad
621 1932 718 1992 tenue
737 1927 894 1993 elimatas.
931 1926 982 1992 Iso
1004 1927 1060 2014 fit,
1081 1932 1119 1995 nt

108 2037 212 2079 errem
235 2018 268 2080 et
289 2035 388 2100 vager
410 2015 518 2082 letius.
561 2013 625 2081 Sed
650 2037 718 2081 non
744 2014 783 2081 de
805 2037 869 2099 me,
899 2019 937 2080 ut
958 2015 1039 2099 dixi,
1062 2017 1118 2081 sed

109 2104 148 2168 de
174 2103 321 2187 sapiente
354 2104 527 2188 quaeritur.
577 2103 659 2173 Viso
686 2103 773 2169 enim
803 2103 868 2171 isto
896 2125 969 2170 cum
1001 2105 1158 2175 actitasse

108 2195 250 2259 mentem
269 2212 439 2259 sensumve
456 2192 662 2277 pepulerunt,
685 2191 808 2276 accipio
830 2192 936 2279 iisque
953 2191 1119 2265 interdum

109 2279 208 2344 etiam
234 2279 398 2349 adsentior
422 2302 482 2347 nec
509 2279 652 2365 percipio
678 2284 807 2362 temen,
833 2279 916 2345 nihil
947 2280 1036 2347 enim
1069 2302 1118 2361 ⁸1·

108 2367 213 2432 bitror
234 2388 330 2454 posse
351 2368 482 2453 percipi.
533 2367 610 2447 Non
636 2390 708 2433 sum
731 2367 875 2451 sapiens,
904 2369 1014 2454 itaque
1037 2368 1118 2443 uicis

109 2455 185 2521 cedo
212 2477 317 2542 neque
344 2478 478 2539 possum
499 2456 659 2522 resistere.
705 2453 868 2540 Sapientis
897 2459 1005 2527 autem
1032 2457 1118 2525 hanc

109 2547 219 2611 censet
236 2543 398 2617 Arcesilas
417 2545 484 2610 vim
502 2566 572 2615 ease
590 2544 764 2609 maximam
782 2541 904 2610 Zenoni
922 2543 1118 2630 adsentiens,
1129 2570 1155 2612 ee

109 2654 233 2716 cavere,
263 2653 304 2697 ne
336 2633 495 2719 capiatur,
526 2654 568 2697 ne
591 2633 743 2723 'fallatum
774 2632 890 2699 videre.
942 2631 1036 2705 Nihil
1068 2637 1120 2701 est

110 2720 195 2784 enim
217 2720 258 2785 ab
282 2742 320 2785 ea
346 2720 556 2805 cogitatione,
584 2742 681 2805 quam
703 2720 861 2785 hebemus
887 2719 926 2787 de
955 2722 1119 2806 gravitate

109 2807 282 2891 sapientis,
301 2829 421 2890 errore,
438 2807 585 2891 levitate,
606 2808 789 2875 temeritate
808 2808 992 2875 dannetur.
1033 2809 1120 2895 Quid

108 2891 210 3047 {lgssiltssur
241 2896 355 2996 loquar
380 2895 425 3049 :le
456 2894 609 2962 firmitate
623 2896 822 3049 liapviilnffl?
861 2919 955 3048 qudem
988 2897 1119 3062 quados}

109 3004 371 3154 quonidiiiuiamle
395 3005 627 3158 iroiiiiieiut
649 3005 865 3157 idiaepedstliid1
866 3006 996 3147 cleeriis,
1008 3008 1155 3161 agitium

109 3180 185 3224 mox
216 3157 354 3225 referam
384 3181 437 3224 me
468 3160 509 3225 ad
541 3158 713 3247 ordinem),
749 3161 829 3229 haec
864 3162 1006 3247 primum
1043 3184 1118 3235 con·

57 3224 98 3350 {71
109 3245 210 3313 elusio
247 3269 344 3332 quam
377 3247 501 3325 lrabeat
531 3249 611 3333 vim,
652 3249 836 3315 considera:
888 3248 940 3317 ‘Si
974 3249 1036 3315 ulli
1069 3252 1120 3317 rei

111 3334 239 3418 sapiens
263 3334 462 3404 adsentietur
483 3359 650 3422 umquem,
679 3337 851 3422 ahquando
879 3337 978 3403 etiam
1005 3340 1118 3424 opina·

109 3421 212 3505 bitur,
241 3445 416 3508 numquam
448 3428 557 3490 autem
588 3425 786 3510 opinabitur3
821 3425 905 3493 nulli
936 3425 1038 3512 igitur
1068 3427 1156 3495 reice

95 3509 328 3577 adsentieturc'
367 3510 464 3581 Hane
491 3513 731 3582 conclusionem
753 3511 914 3579 Areeules
941 3514 1117 3598 probabat3
