2356 3870
220 60 284 126 184
380 62 429 117 DE
447 62 592 117 FINIBUS
610 62 791 118 BONORUM
808 63 856 118 ΕΤ
875 62 1058 118 MALORUM

217 224 264 288 sic
282 221 504 310 appellemus),
522 228 646 288 motum
665 227 722 287 aut
739 226 862 288 statum
880 246 950 288 esse
969 224 1051 288 dixit
1069 245 1087 288 e
1105 245 1143 288 na

217 311 376 376 absoluto.
426 309 568 395 Cumque
595 333 702 375 rerum
732 313 881 376 notiones
912 311 947 375 in
980 311 1098 376 animis
1134 315 1143 376 l

217 399 245 463 si
267 402 324 463 aut
345 421 406 464 usu
429 399 550 482 aliquid
574 400 738 483 cognitum
765 399 809 463 sit
839 403 895 463 aut
917 399 1143 464 coniunctione

218 486 427 552 similitudine
450 491 507 551 aut
530 487 702 551 collatione
725 487 875 570 rationis,
896 486 959 551 hoo
982 491 1114 571 quarto,
1137 511 1143 550 ι

218 578 397 639 extremum
424 575 531 658 posui,
558 574 636 639 boni
661 574 781 637 notitia
806 574 895 639 facta
922 578 979 639 est.
1028 571 1111 638 (lum
1139 601 1143 632 ι

219 663 260 726 ab
282 662 324 726 iis
351 663 462 745 rebus,
489 683 570 745 quae
594 665 669 726 sunt
691 661 864 726 seeundum
886 667 1050 744 naturam,
1080 683 1143 727 asc«

218 750 343 815 animus
376 749 551 815 collatione
583 748 734 830 rationis,
766 753 836 813 tum
868 749 910 814 ad
945 750 1112 814 notionem

166 858 199 904 se
217 837 372 920 pervenit.
421 835 493 903 Hoc
521 840 630 901 autem
656 836 762 919 ipsum
791 837 911 901 bonum
941 859 1008 901 non
1040 859 1143 901 aeeess

217 946 321 1010 neque
353 925 524 989 crescendo
557 928 614 988 aut
644 945 717 988 curn
751 925 866 989 ceteris
903 925 1134 1007 comparando,

217 1012 351 1096 propria
372 1012 404 1076 vi
423 1017 533 1076 suaet
556 1012 712 1076 sentimus
736 1015 768 1075 et
791 1012 990 1096 appellamus
1013 1012 1143 1077 bonum.

218 1100 304 1164 enim
332 1099 409 1182 mel,
437 1099 499 1163 etsi
526 1098 744 1164 dulcissimum
773 1104 836 1182 est,
868 1121 926 1165 suo
953 1103 1064 1163 tamen
1091 1121 1143 1183 pr<

217 1207 334 1271 genere
350 1187 491 1269 saporis,
513 1208 579 1250 non
597 1186 837 1270 comparatione
855 1209 928 1252 cum
947 1187 1020 1251 aliis
1039 1186 1131 1251 dulce

218 1275 368 1357 sentitur,
400 1274 447 1338 sic
477 1275 598 1338 bonum
629 1274 703 1357 hoe,
735 1274 774 1338 de
801 1296 865 1357 quo
895 1274 1035 1360 agimus,
1067 1279 1118 1340 est

217 1361 345 1445 quidem
362 1361 494 1445 plurimi
513 1361 757 1439 aestimandum,
777 1362 833 1427 sed
852 1384 889 1427 ea
903 1363 1088 1427 aestimatio
1108 1382 1143 1446 ge

217 1450 316 1534 valet,
342 1471 408 1514 non
431 1449 663 1534 magnitudine.
706 1447 792 1513 Nam
816 1470 888 1513 cum
911 1449 1111 1532 aestimatio,
1141 1483 1143 1504 ι

216 1533 291 1616 ἀξία
315 1537 445 1620 dicitur,
474 1558 577 1620 neque
600 1537 635 1600 in
657 1537 751 1601 bonis
773 1540 942 1602 numerata
965 1538 1009 1602 sit
1029 1558 1090 1601 nec
1111 1560 1143 1601 ru

216 1625 251 1688 in
273 1625 382 1709 malis,
403 1628 696 1708 quantumcumque
715 1646 752 1688 eo
771 1623 945 1707 addideris,
967 1625 1002 1688 in
1024 1647 1083 1689 suo
1107 1645 1143 1709 ge

217 1713 370 1777 manebit.
414 1712 491 1776 Alia
514 1715 564 1777 est
590 1711 691 1796 igitur
715 1713 849 1795 propria
872 1712 1057 1778 aestimatio
1081 1712 1143 1777 virt

165 1820 198 1867 35
219 1822 300 1885 quae
327 1820 458 1884 genere,
484 1821 551 1864 non
573 1799 742 1864 crescendo
770 1800 864 1864 valet.
908 1798 978 1865 Nec
1000 1822 1076 1866 vero
1099 1821 1143 1884 pe:

217 1888 365 1952 bationes
389 1888 583 1969 animorum,
606 1887 805 1971 quaesitam
824 1888 1048 1970 insipientium
1071 1889 1143 1952 misc

217 1975 429 2058 acerbamque
451 1975 603 2055 reddunt,
627 2011 668 2020 —
693 1996 772 2059 quas
791 1972 907 2039 Graeci
928 1971 1022 2057 πάθη
1047 1969 1143 2059 appel

216 2066 363 2146 poteram
392 2082 452 2147 ego
480 2062 612 2127 verbum
639 2062 746 2145 ipsum
769 2061 986 2146 interpretans
1013 2064 1143 2128 morbos

216 2149 353 2234 pellere,
385 2148 442 2214 sed
473 2171 538 2214 non
570 2150 754 2214 conveniret
785 2149 826 2214 ad
858 2151 974 2215 omnia.
1025 2149 1105 2226 Quis
1138 2176 1143 2213 r

217 2237 471 2302 misericordiam
502 2240 560 2302 aut
590 2237 695 2320 ipsam
726 2236 926 2302 iracundiam
958 2239 1109 2303 morbum
1141 2266 1143 2301 r

217 2325 343 2390 dicere?
371 2329 406 2389 at
433 2325 483 2389 illi
509 2324 620 2389 dicunt
640 2323 757 2400 πάθος.
807 2323 857 2388 Sit
883 2325 984 2410 igitur
1011 2327 1143 2410 perturb

217 2435 298 2498 quae
324 2413 454 2478 nomine
481 2412 552 2495 ipso
580 2412 700 2477 vitiosa
728 2412 884 2476 declarari
909 2411 1036 2477 videtur
1066 2416 1139 2495 [nec

216 2500 477 2585 perturbationes
500 2500 533 2564 vi
556 2499 664 2583 aliqua
686 2499 828 2563 naturali
850 2503 1044 2580 moventur}
1090 2501 1143 2566 011

217 2610 276 2673 que
300 2609 356 2652 eae
379 2591 456 2652 sunt
477 2607 593 2671 genere
617 2590 785 2670 quattuor,
807 2587 955 2670 partibus
972 2588 1098 2673 plures,
1121 2611 1143 2653 a

215 2675 304 2758 tudo,
320 2675 470 2758 formido,
488 2673 598 2755 libido,
616 2696 773 2759 quamque
793 2672 894 2739 Stoici
912 2677 1075 2740 communi
1092 2699 1143 2742 nor

217 2764 361 2846 corporis
384 2765 418 2826 et
440 2761 540 2826 animi
562 2755 692 2845 ἡδονήν
712 2762 891 2846 appellant,
916 2783 976 2847 ego
995 2764 1083 2828 malo
1107 2765 1143 2830 la

216 2851 311 2914 tiam
333 2849 508 2933 appellare,
539 2849 630 2932 quasi
654 2850 823 2933 gestientis
847 2851 948 2914 animi
971 2851 1143 2916 elationem

216 2937 399 3020 luptariam.
456 2935 720 3000 Perturbationes
754 2942 861 3001 autem
896 2938 986 3002 nulla
1017 2943 1143 3004 natura«

216 3026 471 3106 commoventur,
500 3024 671 3106 omniaque
694 3045 733 3089 ea
756 3028 831 3089 sunt
855 3026 1022 3106 opiniones
1046 3048 1084 3091 ac
1106 3028 1143 3091 iu

165 3111 367 3263 illeviiifis‘
411 3109 525 3260 Itqquc
552 3111 603 3175 his
623 3113 753 3261 papiens
778 3134 904 3212 semper
926 3114 1064 3215 vacabit.

215 3310 249 3352 s,
282 3203 838 3370 ,curreres
861 3203 916 3352 e
940 3201 1143 3355 crura

215 3376 352 3440 aliorum
375 3373 642 3458 pbilosophorum
665 3375 843 3440 sententiis.
887 3375 1022 3439 Praeter
1045 3377 1135 3442 enim
