2346 3876
101 153 168 216 424
297 151 594 208 TUSCULANARUM
614 149 918 206 DISPUTATIONUM

103 314 195 399 quasi
213 315 354 379 radicem
377 314 537 380 malorum
560 313 703 378 omnium
731 313 879 396 stirpitus
904 311 1100 396 philosophia

49 415 84 464 84
103 424 137 466 se
170 406 388 467 extracturam
419 402 599 485 pollicetur.
659 400 781 465 Demus
813 400 917 484 igitur
947 421 1006 465 nos
1035 400 1101 464 huic

103 491 292 555 excolendos
319 490 544 573 patiamurque
572 511 632 553 nos
655 488 772 552 sanari.
816 487 880 553 His
908 489 995 552 enim
1017 487 1100 551 malis

101 578 316 642 insidentibus
334 600 400 642 non
419 577 515 643 modo
538 577 639 659 beati,
662 575 718 640 sed
735 598 776 641 ne
797 577 870 640 sani
893 575 1024 660 quidem
1041 596 1101 639 esse

102 688 283 750 possumus.
319 664 388 730 Aut
405 666 507 749 igitur
524 685 678 749 negemus
697 664 872 748 quicquam
889 665 1018 730 ratione
1035 684 1119 728 con-s

102 754 168 837 fici,
197 776 269 818 cum
296 758 409 818 contra
436 753 518 817 nihil
542 753 612 816 sine
639 753 766 816 ratione
788 755 876 816 recte
905 752 978 816 fieri
1000 751 1101 835 possit,

104 845 171 923 aut,
195 863 266 906 oum
289 841 498 925 philosophia
521 862 559 904 ex
581 840 744 905 rationum
767 840 954 905 conlatione
981 840 1101 920 constet,

104 930 144 993 ab
168 950 218 1012 ea,
247 929 274 992 si
301 933 335 993 et
361 929 439 994 boni
467 932 500 993 et
526 928 614 992 beati
637 929 784 992 volumus
813 949 898 1012 esse,
929 929 1037 992 omnia
1057 925 1099 990 ad·

102 1017 245 1080 iumenta
268 1019 302 1080 et
324 1016 442 1081 auxilia
465 1018 613 1099 petamus
636 1015 718 1080 bene
740 1016 899 1100 beateque
923 1015 1056 1080 vivendi.

500 1238 711 1245 *—

349 1422 397 1493 M.
427 1420 589 1492 TULLII
616 1420 864 1494 CICERONIS

170 1582 593 1671 rusouumruuu
624 1583 1051 1671 Disrursrlouuh

468 1730 517 1784 AD
536 1729 573 1783 M.
592 1730 747 1785 BRUTUM

444 1860 567 1921 amna
590 1861 779 1938 oururus,

105 1980 181 2058 QUI
204 1977 349 2045 DOCET
372 1977 599 2045 VIRTUTEM
619 1978 681 2044 AD
704 1977 849 2055 ΒΕΑΤΕ
873 1977 1101 2047 VIVENDUM

308 2083 358 2149 SE
381 2083 480 2150 IPSA
502 2082 608 2149 ESSE
633 2081 912 2150 CONTENTAM.

553 2227 659 2235 ι--ι

431 2317 784 2378 ARGUMENTUM.

175 2434 236 2488 Hoc
249 2433 322 2487 libro
337 2432 429 2501 quinti
442 2432 500 2487 diei
513 2433 667 2502 disputatio
682 2432 854 2500 continetur,
873 2450 930 2502 qua
948 2436 1104 2489 virtutem

105 2505 145 2557 ad
160 2504 259 2558 beate
272 2504 454 2558 vivendum
469 2520 503 2558 se
516 2504 592 2572 ipsa
606 2519 678 2557 esse
692 2505 888 2558 contentam
898 2504 1104 2560 demonstratur.

104 2574 146 2628 Ac
164 2574 284 2644 primum
304 2573 417 2642 quidem
434 2574 698 2628 mathematicorum
715 2590 793 2628 more
807 2573 904 2628 Cicero
924 2575 1025 2644 exiis,
1043 2588 1105 2644 quas

105 2647 170 2699 ante
203 2644 346 2714 disputata
373 2646 465 2712 erant,
492 2643 616 2698 breviter
643 2643 755 2699 conficit
780 2643 826 2711 id,
854 2644 931 2712 quod
960 2645 1105 2714 quaeritur,

106 2715 206 2769 deinde
225 2715 262 2769 ad
279 2715 511 2784 philosophorum
528 2715 642 2768 modum
660 2713 702 2768 ita
720 2715 755 2766 de
769 2714 823 2768 hac
837 2714 1004 2782 quaestione
1023 2717 1106 2785 dispu-

104 2787 160 2852 tat,
187 2786 332 2853 tamquam
360 2784 548 2854 superioribus
576 2784 673 2838 diebus
700 2783 771 2838 nihil
794 2783 831 2838 sit
854 2784 1027 2854 disputando
1052 2802 1106 2840 con·

103 2855 216 2910 fectum.
262 2856 335 2908 Nam
363 2855 484 2924 primum
508 2855 643 2924 ostendit,
671 2854 695 2907 si
718 2853 828 2923 sapiens
852 2855 984 2910 omnibus
1008 2859 1108 2926 portur·

104 2925 266 2979 bationibus
291 2925 363 2979 liber
387 2924 436 2993 sit,
460 2942 517 2978 non
539 2941 621 2994 posse
644 2941 701 2979 non
723 2924 837 2978 beatum
860 2926 1021 2994 sapientem
1047 2941 1108 2991 csse,

105 2994 193 3063 quod,
223 2993 271 3062 qui
295 2993 324 3046 in
347 2993 403 3048 illis
426 2995 491 3063 sint,
522 2995 618 3049 miseri
645 2994 701 3049 sint
721 2994 888 3049 necessario.
934 2996 1028 3062 Quare
1053 3012 1108 3052 cun

103 3065 194 3119 virtus
212 3063 469 3133 perturbationibus
487 3065 548 3120 sola
565 3065 679 3133 liberet,
698 3065 832 3120 virtutem
849 3066 1009 3122 necessario
1028 3067 1109 3122 solam

103 3135 219 3188 beatum
245 3133 387 3188 hominem
415 3135 525 3190 efficere
552 3139 624 3206 (cap.
654 3138 750 3205 1-6).
793 3136 826 3190 In
851 3153 907 3204 quo
934 3135 1110 3206 reprehendit

104 3208 228 3259 veterem
246 3203 478 3258 Academicorum
496 3207 525 3259 et
542 3205 794 3276 Peripateticorum
811 3207 1046 3275 inconstantiam,
1068 3204 1110 3275 qni

104 3293 168 3330 cum
195 3274 250 3328 tria
278 3291 381 3344 genera
408 3275 545 3330 bonorum
570 3276 714 3342 fecissent,
743 3276 832 3330 solam
858 3279 957 3331 tamen
983 3278 1110 3332 virtutem

104 3345 226 3399 dixerint
244 3345 312 3399 satis
330 3345 359 3399 in
379 3361 408 3399 se
426 3345 545 3413 habere,
564 3346 662 3400 sinon
680 3347 718 3400 ad
734 3345 941 3416 beatissimam,
965 3351 1062 3403 tamen
1078 3345 1110 3400 ad

103 3417 217 3471 beatam
240 3415 329 3470 vitam
352 3416 424 3484 (cap.
445 3418 559 3484 7—13).
607 3416 716 3471 Deinde
739 3417 834 3471 multis
858 3434 922 3471 cum
945 3415 1111 3488 argumentis

100 3489 160 3542 tum
176 3487 312 3561 exemplis
326 3487 472 3543 hominum
486 3486 689 3541 atritiosorum
703 3489 732 3541 et
741 3486 852 3542 virtutis
865 3487 951 3542 laude
964 3488 1111 3544 illustrium
