2346 3876
115 167 156 234 78
369 163 664 221 AOADEMICORUM
682 164 850 220 PRIORUM

113 328 178 394 alio
209 328 314 414 magis
346 329 499 428 minuare¹
521 326 767 430 comprehendi,
799 331 963 415 quoniam·
982 326 1123 394 omnium

57 414 920 590 42rerud1ddunduddtdddddihomiomghidenddhdMus
956 503 994 568 in
1030 505 1123 569 rebus

61 579 111 628 ¹²⁹
135 593 230 658 bonis
254 596 287 658 11
309 592 405 658 malis
428 591 611 675 explorati?
655 590 781 677 Nempe
804 593 885 657 fines
908 592 1124 658 constituendi

113 684 203 764 sunt,
234 681 275 746 ad
303 701 384 766 quos
408 683 441 745 et
471 681 687 746 bonorumet
714 680 874 745 malorum
896 702 1023 745 summa
1046 681 1148 748 refer

112 773 212 835 ratur.
267 769 339 846 Qua
370 768 409 833 de
440 788 476 833 re
509 771 559 833 est
597 768 700 852 igitur
736 768 822 833 inter
858 790 1001 834 summos
1039 769 1124 834 viros

114 858 218 924 maior
241 855 420 923 dissensio?
452 855 576 920 Omitto
599 855 666 937 illa,
688 877 770 941 quae
792 856 907 922 relicta
927 857 994 922 iam
1019 857 1126 923 riden-

114 952 179 1024 tur,
211 945 367 1028 Erillum,
399 944 454 1029 qui
480 943 517 1008 in
539 943 725 1029 cognitione
748 948 782 1010 et
808 945 943 1010 scientia
966 966 1125 1011 summum

114 1036 235 1100 bonum
262 1033 369 1118 ponit3
402 1032 553 1117 quicum
576 1033 716 1098 Zenonis
745 1032 873 1098 auditor
896 1037 995 1119 esset,
1027 1034 1124 1118 vides,

114 1126 270 1207 quantum
298 1122 339 1188 ab
369 1143 406 1186 eo
440 1120 628 1186 dissenserit
655 1124 688 1185 et
720 1142 816 1206 quam
847 1143 914 1187 non
940 1122 1079 1187 multum
1106 1144 1158 1188 au

113 1211 259 1275 Platone.
303 1209 541 1295 Megaricorum
567 1207 631 1274 fuit
659 1210 780 1275 nobilis
809 1209 995 1295 disciplina,
1027 1211 1125 1293 cuius,

114 1302 153 1365 ut
175 1299 333 1381 scriptum
355 1297 464 1381 video,
485 1296 635 1382 princeps
658 1297 887 1382 Xenophanes,
910 1320 1008 1384 quem
1030 1299 1125 1364 modo

114 1386 289 1470 nominavi,
312 1385 427 1450 deinde
450 1407 523 1450 eum
547 1385 651 1451 secuti
668 1385 876 1451 Parmenides
900 1392 934 1451 et
951 1385 1049 1471 Zeno,
1066 1388 1125 1452 ita·
1156 1458 1160 1464 ,

116 1496 176 1560 que
208 1475 250 1540 ab
282 1473 324 1540 iis
350 1473 490 1539 Eleatici
520 1473 710 1558 philosophi
740 1475 1002 1540 nominabantur.
1048 1475 1126 1540 Post

114 1563 280 1648 Euclides,
304 1561 446 1629 Socratis
470 1561 661 1646 discipulus,
690 1561 874 1648 Megareus,
897 1585 917 1628 a
940 1585 1004 1648 quo
1028 1565 1158 1629 iidemu

114 1652 167 1717 illi
183 1651 341 1738 Megarici
363 1651 451 1735 dicti,
473 1650 528 1736 qui
551 1650 584 1717 id
607 1651 729 1716 bonum
747 1651 854 1716 solum
872 1673 942 1716 esse
966 1652 1125 1736 dicebant,

115 1741 201 1826 quod
224 1744 309 1806 esset
331 1762 429 1806 unum
453 1741 487 1803 11
508 1737 614 1803 simile
638 1741 671 1803 et
692 1738 778 1803 idem
801 1761 933 1823 semper.
979 1739 1027 1805 Hi
1049 1761 1124 1825 quo·

116 1851 177 1914 que
199 1829 303 1893 multa
326 1850 346 1892 a
368 1824 513 1892 Platone.
558 1825 800 1893 AMencdemo
829 1820 953 1910 etitem,
985 1835 1071 1913 quod
1096 1828 1124 1894 is

114 1916 245 1982 Eretria
265 1916 339 1998 fnit,
361 1914 521 1980 Eretriaci
544 1915 707 2000 appellati,
730 1937 866 2000 quorum
886 1938 981 1981 omne
1003 1918 1124 1982 bonum

115 2005 151 2070 in
178 2007 288 2070 mente
315 2003 459 2087 positum
483 2006 516 2067 11
542 2004 660 2068 mentis
685 2004 766 2087 acie,
799 2026 862 2088 qua
884 2026 995 2069 verum
1019 2026 1123 2069 cerne·
1136 2028 1159 2070 1

115 2095 219 2176 11111,
240 2091 338 2157 Erilli
360 2091 491 2174 similia,
514 2091 579 2174 sed,
609 2092 732 2175 opinor,
756 2092 916 2176 explicata
938 2093 1070 2158 uberius
1094 2095 1126 2157 et

64 2199 116 2254 130
139 2180 295 2246 ornatius.
353 2178 423 2245 Hos
460 2180 489 2244 si
527 2181 762 2245 contemnimus
807 2184 840 2245 et
879 2181 946 2244 iam
982 2182 1126 2246 abiectos

116 2273 282 2354 putamus,
313 2268 389 2333 illos
412 2271 498 2333 certe
525 2268 633 2333 minus
663 2268 827 2352 despicere
853 2269 1022 2353 debemus,
1053 2269 1125 2333 Ari·

118 2361 256 2442 stonem,
280 2357 336 2442 qui
358 2378 431 2422 cum
454 2355 594 2422 Zenonis
616 2356 732 2421 fuisset
753 2356 895 2441 auditor,
916 2379 952 2422 re
975 2357 1126 2442 probavit

117 2467 169 2530 ea,
202 2446 360 2530 quasilla
383 2445 503 2528 verbis,
534 2444 619 2509 nihil
643 2466 713 2510 esse
739 2445 860 2510 bonum
882 2445 948 2510 nisi
970 2445 1160 2512 virtutemss

116 2556 175 2600 nec
206 2534 340 2617 malum,
369 2532 434 2598 nisi
466 2532 551 2618 quod
578 2532 693 2597 virtuti
725 2538 811 2598 esset
844 2534 1055 2620 contrarium3
1091 2534 1126 2598 in

117 2623 232 2689 mediis
256 2644 294 2688 ea
315 2625 489 2705 momenta,
511 2642 592 2707 quae
615 2619 700 2687 Zeno
723 2621 836 2705 voluit,
857 2623 948 2687 nulla
966 2644 1038 2688 esse
1055 2644 1125 2688 cen·

118 2711 192 2777 suit.
224 2709 311 2776 Huic
334 2731 495 2776 summum
517 2710 639 2774 bonum
657 2714 707 2775 est
729 2710 764 2774 in
786 2709 838 2775 his
861 2711 957 2776 rebus
976 2715 1127 2776 neutram

116 2800 154 2864 11
179 2803 307 2883 partem
336 2798 471 2881 moveri,
503 2819 584 2882 quae
606 2793 791 2881 ἀδιαφορία
819 2799 860 2862 ab
893 2798 966 2882 ipso
999 2799 1126 2865 dicitur.

41 2957 43 2960 Α
116 2887 242 2972 Pyrrho
266 2889 374 2952 autem
397 2908 435 2951 ea
457 2906 499 2951 ne
522 2886 642 2950 sentire
665 2886 795 2970 quidem
818 2886 1012 2969 sapientem,
1043 2907 1161 2973 quaese

117 2969 263 3041 ἀπάθεια
276 2975 473 3041 nominatur.
508 2971 578 3038 Has
596 2974 699 3058 igitur
720 2977 772 3039 tot
791 2975 966 3039 sententias
980 2979 1018 3039 ut
1033 2976 1127 3041 omit·

116 3068 234 3148 tamus,
255 3064 335 3128 haec
358 3084 445 3127 nunc
466 3062 642 3145 rideamus,
665 3083 746 3146 quae
769 3062 824 3127 diu
846 3062 1050 3148 multumque
1073 3063 1128 3128 de·

68 3173 117 3222 131
140 3153 235 3217 fonsa
267 3154 350 3217 sunt
396 3149 465 3214 Alii
496 3151 696 3234 voluptatem
727 3151 826 3215 finem
849 3170 919 3216 esra
947 3151 1001 3217 vol
1025 3155 1129 3236 erunt,

118 3263 254 3327 quorum
285 3239 434 3324 princeps
461 3239 663 3323 Aristippus,
695 3239 750 3324 qui
777 3236 943 3305 Socratem
971 3174 1128 3323 adhierat,

118 3328 203 3393 unde
235 3326 419 3412 Cyrenaici,
450 3331 526 3412 post
556 3327 730 3412 Epicurus,
762 3327 851 3393 cuius
878 3331 929 3393 est
955 3327 1165 3412 disciplinae

117 3438 205 3482 nunc
232 3415 343 3481 notior
365 3437 424 3480 nec
455 3420 660 3482 tamencum
684 3413 871 3500 Cyrenaicis
901 3416 940 3480 de
971 3415 1046 3501 ipsa
1073 3437 1128 3482 vo·
1162 3422 1167 3433 '

106 3505 241 3586 luptate
255 3504 473 3572 consentiens.
505 3504 718 3590 Voluptatem
736 3507 845 3570 autem
868 3506 900 3569 et
921 3503 1128 3570 honestatem
