2346 3876
250 144 370 226 111111.
398 153 475 209 aar.
497 160 616 210 12-14.
645 161 800 221 §ae-44.
967 153 1029 220 139

57 320 134 380 cutem
155 316 223 381 eius
247 316 333 380 modi
356 319 419 400 est,
442 320 480 381 ut
498 316 643 381 additum
662 317 701 381 ad
721 318 872 382 virtutem
892 319 1028 384 auetori-

55 406 127 470 tatcm
156 404 304 469 uideatur
341 404 527 469 habiturum
564 408 597 469 et
632 405 832 489 expleturum
869 408 1030 470 cumulate

55 491 127 556 vitam
147 493 290 575 beatam,
311 492 350 556 de
373 492 559 578 quaomnia
582 493 661 558 haec
685 494 832 577 quaestio
851 498 907 558 est.
943 493 1030 558 Nam

53 580 89 663 qui
118 581 154 645 ad
188 582 342 646 uirtutem
379 579 560 666 adiungunt
597 582 648 646 vel
684 583 896 666 voluptatem,
933 604 1029 666 quam

34 689 123 734 sunam
150 670 253 734 virtus
289 669 415 734 minimi
448 669 543 753 facit,
579 670 632 735 vel
668 670 864 734 vacuitatem
900 671 1029 753 doloris,

51 777 109 840 quse
130 758 257 823 etiamsi
288 758 374 822 melo
406 760 510 840 caret,
538 763 650 822 tamen
680 779 748 822 non
781 762 830 823 est
867 780 1029 822 summum

50 844 155 931 bonum,
191 847 373 911 accessione
409 848 544 910 utuntur
582 868 648 911 non
679 847 727 911 ita
761 846 937 930 probabili,
971 869 1029 911 nec

48 935 143 1018 tenen,
174 956 232 999 cnr
261 933 295 999 id
325 937 393 998 tam
429 952 525 1017 parce
557 937 688 1019 tamque
720 935 869 999 restricte
900 934 1030 1018 faciant,

48 1020 183 1108 intellego.
229 1021 329 1098 Quasi
351 1022 438 1087 enim
462 1023 631 1086 emendum
655 1023 699 1088 eis
722 1023 777 1106 sit,
801 1022 887 1107 quod
910 1023 1030 1086 addant

34 1108 76 1172 ssd
93 1110 250 1193 virtutem,
273 1110 414 1193 primum
436 1110 611 1174 vilissimas
634 1133 685 1175 res
709 1111 843 1195 addunt,
865 1110 940 1175 dein
963 1111 1028 1175 sin-

47 1197 116 1281 gulas
135 1199 257 1283 potius,
279 1220 377 1283 quam
400 1199 522 1276 omnia,
545 1220 627 1283 quae
649 1199 754 1282 prima
772 1202 888 1263 natura
911 1221 1026 1283 appro-

47 1283 175 1369 bavisset,
197 1307 236 1350 ea
258 1307 331 1350 eum
353 1286 523 1351 honestate
544 1287 784 1372 coniungerent.
829 1287 919 1363 Quae
943 1283 1079 1371 quodne

48 1372 166 1439 instoni
189 1379 224 1439 et
244 1374 407 1458 Pyrrhoni
431 1375 562 1440 omnino
584 1375 656 1440 visa
679 1379 755 1440 sunt
776 1398 835 1459 pro
858 1377 970 1459 nihilo,
993 1381 1029 1440 ut

46 1460 109 1526 iuter
140 1463 263 1548 optime
298 1463 407 1526 valere
445 1466 477 1526 et
514 1463 704 1548 gravissime
742 1468 909 1549 aegrotare
946 1465 1028 1528 nihil

34 1570 150 1631 *prorsus
181 1552 324 1615 dicerent
350 1551 520 1634 interesse,
552 1556 637 1616 recte
664 1553 729 1617 iam
761 1552 885 1635 pridem
917 1556 1029 1616 contra

43 1658 84 1703 eos
103 1640 236 1704 desitum
259 1643 309 1703 est
335 1638 501 1722 disputari.
546 1639 633 1704 Dum
655 1641 741 1704 enim
763 1641 798 1703 in
822 1661 886 1704 una
909 1639 1028 1703 virtute

43 1725 76 1790 sic
102 1727 206 1792 omnia
238 1748 308 1792 esse
339 1728 521 1811 voluerunt,
553 1732 591 1792 ut
618 1750 688 1792 eam
715 1750 822 1792 rerum
855 1728 1028 1792 selectione

42 1817 239 1898 exspoliarent
271 1837 331 1880 nec
367 1815 396 1878 ei
433 1816 616 1900 quicquam,
660 1821 717 1881 aut
758 1816 841 1880 unde
882 1816 1029 1898 oriretur,

41 1899 145 1987 darent,
167 1908 225 1968 aut
246 1903 304 1967 ubi
324 1903 495 1987 niteretur,
518 1903 670 1969 virtutem
693 1905 813 1989 ipsam,
842 1926 939 1988 quam
962 1926 1028 1967 am-

41 1989 244 2074 plorabantur,
267 1991 474 2056 sustulerunt.
516 1990 640 2056 Erillus
664 1997 771 2057 autem
795 1993 835 2056 ad
859 1993 1028 2057 seientiam

41 2080 130 2144 omnia
150 2101 306 2148 revocans
329 2102 430 2144 unum
453 2080 613 2164 quoddam
632 2080 753 2145 bonum
777 2081 870 2163 vidit,
894 2080 949 2144 sed
969 2103 1029 2145 nec

42 2167 192 2270 optimum,
220 2190 280 2233 nec
307 2190 370 2252 quo
396 2167 464 2232 vita
486 2168 659 2252 gubernari
681 2170 794 2252 possit
840 2131 953 2253 Itaque
977 2169 1029 2233 hic

41 2251 94 2337 ipse
113 2257 177 2321 iam
203 2255 328 2340 pridem
352 2259 401 2320 est
422 2256 571 2340 reiectus3
601 2260 676 2340 post
698 2257 785 2322 enim
809 2255 1028 2340 Chrysippum

41 2361 91 2408 uon
110 2366 185 2410 sane
208 2351 260 2410 est
282 2345 491 2428 disputatum

89 2429 230 2498 Restatis
257 2433 359 2534 igitpr
384 2454 456 2516 vos3
483 2455 561 2497 nam
585 2455 658 2497 cum
680 2432 881 2498 Academicis
906 2433 1028 2496 incerta
1040 2436 1081 2496 14

40 2515 153 2588 luctatio
182 2524 245 2605 est,
281 2521 335 2605 qui
363 2520 446 2584 nihil
475 2520 688 2585 affirmante
672 2521 827 2606 etquasi
859 2520 1029 2621 desperata

40 2610 203 2706 cognitione
235 2609 315 2673 certi
352 2609 386 2672 id
419 2610 508 2692 sequi
540 2609 666 2693 volunt,
703 2609 924 2694 quodcumque
961 2609 1028 2672 veri

40 2694 124 2762 simile
143 2697 310 2762 videatur
365 2693 445 2760 Oum
476 2695 619 2780 Epicuro
652 2700 759 2762 autem
787 2698 849 2762 hoc
875 2697 948 2780 plus
979 2700 1029 2760 est
1047 2715 1082 2762 44

39 2787 154 2870 negotii,
181 2784 269 2870 quod
295 2807 312 2848 e
341 2785 460 2868 duplici
488 2806 604 2870 genere
632 2785 808 2887 voluptatis
836 2785 1027 2850 coniunctus

40 2876 87 2957 est,
115 2875 269 2975 quodque.
295 2873 362 2937 et
353 2893 422 2957 lpse
450 2877 483 2937 et
510 2874 605 2939 amici
634 2874 701 2938 eius
730 2876 763 2937 et
790 2873 884 2936 multi
915 2877 1029 2956 postea

38 2924 203 3028 defensores
241 2961 310 3026 eius
348 2982 405 3025 sen
405 2961 526 3026 tentiae
563 2961 705 3045 fuerunt,
746 2965 779 3025 et
820 2961 928 3026 neseio
965 2984 1027 3047 qno

38 3048 163 3148 modo,
153 3072 182 3115 rs
205 3050 261 3135 qui
285 3048 509 3114 auctoritatem
530 3050 696 3114 minimam
718 3051 830 3133 habet,
853 3050 1028 3115 maximam

36 3153 100 3217 um,
120 3139 262 3223 populus
286 3160 358 3203 eum
380 3137 447 3201 illis
469 3137 556 3203 facit.
598 3137 690 3214 Quos
707 3138 772 3202 nisi
794 3101 1028 3223 rddarguim11S,

37 3227 124 3290 omnis
147 3227 263 3310 virtus,
286 3247 382 3292 omne
402 3225 512 3310 decus,
536 3226 639 3291 omnis
662 3248 739 3292 vera
761 3228 832 3290 laus
856 3225 1029 3289 deserenda

36 3313 173 3378 arla
196 3318 375 3379 ceterorum
399 3315 565 3378 sententiis
592 3316 725 3379 semotis
747 3313 940 3396 relinquitur
962 3334 1029 3376 non

35 3398 102 3464 milri
119 3424 191 3467 cum
209 3400 385 3487 Torquato,
404 3403 459 3466 sed
477 3402 589 3467 virtut
580 3424 591 3465 1
609 3423 682 3467 cum
700 3403 848 3484 voluptat
850 3422 866 3463 e
885 3400 1028 3464 certatio.

36 3483 125 3561 eram
148 3491 276 3574 quidem
295 3491 503 3557 certationem
526 3490 676 3557 homost
694 3492 809 3557 acutus
829 3491 864 3552 et
884 3487 1037 3572 diligens
