2346 3876
120 161 187 228 226
282 160 330 214 DE
349 159 494 216 FINIBUS
512 158 692 215 Bonosum
710 159 757 214 ΕΤ
776 158 962 216 MALORUM

121 323 290 406 vidissent,
314 343 368 386 eas
392 319 547 386 aStoicis
567 342 636 386 esse
658 325 858 406 perspectas,
882 321 1070 405 eisdemque
1092 322 1129 386 de

122 412 217 475 rebus
235 411 295 475 hos
310 433 382 474 oum
397 410 522 473 acutius
537 409 735 491 disseruisse,
753 413 824 474 tum
842 410 982 474 sensisse
1001 409 1128 495 gravius

122 502 155 563 et
176 499 307 582 fortius,
330 499 448 582 quippe
467 497 522 581 qui
539 498 681 581 primum
700 497 918 562 valetudinem
939 498 1061 562 bonam
1080 520 1128 562 er·

121 587 292 670 petendam
323 589 445 668 negent
476 606 558 669 esse,
591 584 771 670 eligendam
803 585 927 670 dicant,
958 606 1019 650 neo
1056 586 1127 670 quia

121 676 243 740 bonum
263 674 306 739 sit
323 674 439 755 valere,
458 673 514 738 sed
532 672 608 755 quia
627 675 753 738 sitnon
771 673 873 738 nihilo
893 674 1150 740 aestimandums'

122 760 239 847 (neque
261 765 370 826 tamen
393 761 496 845 pluris
518 760 584 824 illis
606 760 745 846 videtur,
768 761 824 845 qui
845 762 927 825 illud
948 783 1017 826 non
1040 761 1127 826 dubi·

121 854 192 915 tant
214 850 335 915 bonum
359 846 490 934 dicere),
517 848 578 914 hoc
607 870 683 914 vero
711 852 744 913 te
772 849 855 913 ferre
882 870 948 913 non
976 849 1128 932 potuisse,

122 939 208 1021 quod
239 937 364 1021 antiqui
395 936 446 1000 illi
477 937 570 1020 quasi
602 936 747 1020 barbati,
778 940 815 1001 ut
844 959 904 1002 nos
938 937 977 1000 de
1009 937 1127 1003 nostris

123 1026 262 1090 solemus
285 1025 403 1108 dicere,
426 1024 634 1106 crediderint,
658 1025 741 1108 eius,
764 1025 819 1108 qui
842 1024 978 1090 honeste
998 1025 1128 1108 viveret,

122 1115 151 1177 si
177 1115 263 1178 idem
291 1113 389 1177 etiam
420 1113 501 1177 bene
528 1111 665 1195 valeret,
696 1113 777 1177 bene
808 1111 947 1195 audiret,
979 1113 1127 1197 copiosus
1139 1138 1160 1177 a

122 1205 220 1283 esset,
244 1200 472 1283 optabiliorem
494 1199 563 1264 fore
585 1201 687 1264 vitam
710 1200 940 1284 melioremque
967 1204 1003 1264 et
1025 1201 1128 1284 magis

122 1287 333 1371 expetendam
352 1309 448 1371 quam
468 1288 568 1370 illius,
592 1288 647 1371 qui
665 1309 765 1371 aeque
784 1289 956 1354 virbonus
980 1286 1129 1354 ‘multis

121 1375 260 1441 modis²
283 1379 382 1460 esset,
404 1381 441 1442 ut
463 1376 563 1440 Ennii
585 1375 753 1459 Alcmaeo,

122 1505 494 1573 .ss...or'rcumventus
518 1508 664 1592 morbo,
687 1507 827 1573 exsilio
851 1512 964 1592 atque
988 1505 1127 1592 inopia

69 1653 102 1702 63
121 1639 175 1706 Illi
202 1640 303 1724 igitur
332 1640 457 1724 antiqui
483 1661 550 1704 non
576 1642 644 1702 tam
668 1641 760 1703 acute
784 1639 1011 1722 optabiliorem
1039 1640 1127 1705 illam
1138 1663 1158 1705 15

121 1730 222 1792 vitam
240 1731 368 1811 putant,
386 1727 672 1811 praestantiorem,
690 1726 881 1808 beatiorem,
901 1723 1003 1792 Stoici
1022 1732 1127 1793 autem

121 1820 250 1881 tantum
281 1815 377 1880 modo
405 1815 665 1898 praeponendam
691 1815 728 1878 in
760 1815 939 1899 seligendo,
972 1837 1039 1881 non
1066 1837 1127 1900 quo

121 1904 248 1968 beatior
276 1925 314 1968 ea
340 1903 408 1968 vita
436 1904 494 1986 sit,
521 1903 577 1966 sed
605 1903 690 1987 quod
712 1902 753 1966 ad
779 1908 929 1967 naturam
951 1907 1150 1969 aerumma-⁹

122 1993 241 2072 datior,
270 1994 316 2068 et,
344 1991 400 2074 qui
423 1990 585 2074 sapientes
612 2013 677 2055 non
706 1990 785 2074 sint,
814 2012 925 2055 omnes
949 2013 1051 2075 aeque
1072 1991 1127 2056 mi-

22 2117 31 2129 ·
123 2101 211 2144 seros
235 2099 314 2144 esse.
359 2077 460 2143 Stoici
482 2077 544 2142 hoo
566 2078 718 2142 videlicet
737 2078 899 2162 viderunt,
921 2079 998 2144 illos
1021 2083 1156 2144 autema

90 2191 92 2194 ⁴
122 2167 155 2230 id
172 2166 304 2248 fugerat
322 2166 517 2249 superiores,
536 2167 684 2231 homines
704 2166 878 2231 sceleribus
897 2169 930 2230 et
947 2168 1126 2251 parricidiis

81 2288 83 2292 ·
122 2254 307 2337 inquinatos
330 2253 432 2318 nihilo
455 2254 636 2319 miseriores
660 2274 730 2317 esse
759 2275 855 2337 quam
882 2274 950 2338 eos,
978 2257 1125 2339 quicum

122 2345 210 2406 caste
226 2404 229 2408 ,
243 2345 275 2404 et
307 2343 433 2424 integre
464 2342 622 2423 viverent,
654 2341 796 2407 nondum
827 2341 1005 2425 perfectam
1038 2344 1125 2407 illam

48 2451 105 2501 ,54
127 2429 319 2513 sapientiam
347 2432 454 2494 essent
481 2431 652 2495 consecuti.
700 2428 807 2513 Atq'm
834 2429 992 2495 hocloco
1016 2430 1124 2495 simili·

122 2518 249 2582 tudines
273 2539 341 2601 eas,
369 2518 486 2601 quibus
507 2517 556 2581 illi
579 2518 627 2581 uti
650 2518 770 2600 solent,
797 2517 1033 2583 dissimillimas
1056 2538 1151 2603 pro-s

121 2607 257 2670 ferebas.
303 2603 382 2681 Quis
406 2606 491 2670 enim
514 2605 657 2692 ignorat,
684 2605 713 2669 si
740 2607 849 2688 plures
873 2626 910 2670 ex
937 2605 1005 2670 alto
1030 2628 1125 2672 emer·

123 2715 197 2778 gere
221 2693 337 2775 velint,
359 2693 493 2777 propius
515 2692 585 2757 fore
609 2714 664 2757 eos
688 2692 815 2777 quidem
837 2692 877 2756 ad
895 2695 1123 2777 respirandum,

123 2782 177 2864 qui
196 2781 236 2845 ad
255 2803 413 2846 summam
433 2802 549 2865 aquam
567 2781 634 2844 iam
653 2781 928 2864 appropinquent,
951 2783 1008 2848 sed
1024 2783 1124 2847 nihilo

123 2870 227 2952 magis
260 2868 419 2950 respirare
451 2889 547 2953 posse
580 2890 675 2952 quam
708 2890 776 2951 eos,
808 2869 863 2951 qui
896 2870 961 2933 sint
993 2871 1029 2935 in
1055 2890 1122 2954 pro-

122 2954 243 3019 fundo?
291 2954 384 3019 Nihil
418 2957 518 3040 igitur
550 2956 681 3020 adiuvat
713 2956 885 3039 procedere
913 2961 946 3020 et
977 2955 1150 3043 progrediar

122 3044 157 3107 in
180 3042 314 3124 uirtute,
337 3064 399 3125 quo
424 3044 529 3108 minus
558 3044 757 3108 miserrimus
781 3043 837 3125 sit,
864 3047 940 3108 ante
967 3066 1065 3128 quam
1088 3041 1122 3108 ad

124 3152 193 3194 eam
221 3130 414 3213 pervenerit,
446 3132 600 3214 quoniam
614 3168 616 3171 ·
630 3131 665 3195 in
693 3153 777 3215 aqua
804 3130 886 3194 nihil
916 3133 1060 3216 adiuvat,
1087 3134 1121 3211 et,

123 3218 276 3302 quoniam
299 3217 413 3299 catuli,
436 3219 490 3302 qui
513 3219 580 3282 iam
603 3218 778 3302 dispecturi
802 3222 891 3303 sunt,
919 3221 1006 3285 caeci
1029 3237 1120 3305 aeque

124 3308 157 3370 et
183 3307 220 3389 ii,
247 3305 303 3390 qui
331 3304 426 3371 modo
454 3306 537 3388 nati,
564 3305 733 3394 Platonem
762 3327 886 3391 quoque
913 3328 1043 3374 neeesse
1070 3309 1120 3386 est,

123 3394 276 3477 quoniam
302 3394 444 3459 nondum
474 3393 602 3458 videbat
634 3395 839 3478 sapientiam,
871 3416 972 3480 aeque
1001 3408 1149 3462 caecans

109 3481 225 3550 ammo
247 3503 288 3551 ac
309 3481 478 3551 Phalarim
501 3481 612 3549 fuisse.
