2346 3876
290 162 355 216 ms.
375 161 408 216 v.
437 161 513 216 car.
533 157 655 216 21-2'3'.
684 155 840 226 sco-ea.
1006 151 1070 226 '263

61 321 145 388 Cum
165 326 275 389 autem
294 325 393 389 etiam
412 325 515 393 exitus
540 325 581 389 ab
604 328 740 408 utroque
764 323 860 387 datur
878 325 1070 389 conturbato

60 412 248 495 errantique
276 413 359 497 regi:
393 411 529 477 ‘Ambo
560 433 652 497 ergo
682 433 756 476 una
785 411 958 476 necarier
987 435 1070 495 pre-

60 499 221 582 camur',
253 501 401 584 quotiens
432 501 494 565 hoc
526 501 648 584 agitur,
685 500 890 583 ecquandone
921 501 984 563 nisi
1017 500 1070 564 ad·

60 588 291 652 mirationibus
319 588 490 652 maximis?
535 587 639 653 Nemo
667 590 718 651 est
743 588 856 672 igitur,
884 589 962 670 quin
986 587 1069 651 hanc

34 703 47 741 s
62 675 266 740 affectionem
290 676 391 740 animi
415 676 531 761 probet
550 679 646 759 atque
664 675 788 758 laudet,
811 697 874 759 qua
892 696 957 739 non
974 676 1069 739 modo

60 763 190 828 utilitas
217 763 309 828 nulla
337 765 515 847 quaeritur,
544 764 599 828 sed
627 767 739 827 contra
766 763 941 827 utilitatem
972 763 1069 828 etiam

59 854 274 918 conservatur
294 851 382 916 fides,
424 852 558 916 Talibus
583 851 737 935 exemplis
759 873 826 916 non
847 851 941 915 fictae
965 851 1070 914 solum
1089 865 1104 912 o

58 939 207 1020 fabulae,
225 961 335 1003 verum
355 940 453 1004 etiam
471 939 629 1004 historiae
647 939 782 1003 refertae
797 939 881 1017 sunt,
892 942 925 1002 et
943 939 1070 1022 quidem

60 1027 202 1091 maxime
224 1030 364 1093 nostrae.
400 1027 469 1093 Nos
489 1027 574 1091 enim
593 1027 634 1091 ad
653 1049 744 1098 sacra
765 1025 862 1091 Idaea
885 1027 1070 1110 accipienda

35 1117 221 1200 coptimum
243 1116 350 1180 virum
373 1115 563 1200 delegimus,
590 1136 649 1180 nos
676 1119 801 1179 tutores
825 1115 955 1199 regibus
981 1115 1071 1178 misi-

61 1225 148 1287 mus,
170 1203 275 1268 nostri
298 1204 509 1286 imperatores
532 1224 591 1285 pro
611 1202 714 1266 salute
737 1203 861 1286 patriae
886 1225 944 1267 sua
963 1203 1071 1286 capita

59 1295 233 1376 voverunt,
254 1292 359 1356 nostri
379 1291 524 1356 consules
546 1311 655 1375 regem
673 1291 932 1355 inimicissimum
949 1292 1070 1357 moeni-

59 1380 122 1443 bus
150 1379 217 1442 iam
247 1380 558 1463 appropinquantem
590 1381 796 1456 monuerunt,
829 1402 848 1442 a
879 1401 1001 1444 veneno
1034 1382 1071 1443 ut

60 1470 203 1550 caveret,
230 1470 344 1531 nostra
371 1467 405 1530 in
432 1488 467 1530 re
494 1467 626 1549 publica
653 1469 698 1549 et,
727 1487 808 1550 quae
835 1488 893 1549 per
920 1468 986 1531 vim
1015 1467 1071 1531 ob-

35 1556 165 1621 alatnm
194 1557 342 1638 stuprum
369 1555 554 1619 voluntaria
581 1557 684 1618 morte
711 1554 827 1636 lueret,
859 1554 992 1617 inventa
1022 1559 1071 1617 est

59 1646 107 1728 et,
127 1643 183 1727 qui
200 1642 302 1706 filiam
320 1643 530 1726 interficeret,
548 1663 588 1705 ne
607 1643 823 1724 stupraretur,
842 1661 923 1724 quae
943 1640 1070 1724 quidem

60 1732 173 1796 omnia
201 1733 233 1794 et
262 1730 509 1794 innumerabilia
535 1733 701 1813 praeterea
733 1729 803 1813 quis
834 1730 884 1792 est
915 1729 992 1811 quin
1023 1729 1070 1792 in·

58 1819 199 1903 tellegat
217 1821 249 1881 et
268 1840 331 1897 eos,
350 1819 404 1902 qui
423 1817 568 1900 fecerint,
588 1817 755 1901 dignitatis
770 1816 940 1900 splendore
958 1815 1070 1880 ductos

59 1908 268 1972 immemores
289 1905 389 1970 fuisse
412 1906 591 1970 utilitatum
611 1927 755 1989 suarum,
777 1926 913 1988 nosque,
936 1926 1009 1968 cum
1033 1926 1071 1968 ea

35 1994 245 2076 claudemus,
267 1994 358 2058 nulla
380 1994 445 2058 alia
466 2015 500 2057 re
522 1993 585 2057 nisi
609 1993 781 2058 honestate
804 1992 899 2057 duci?

129 2083 253 2159 Quibus
285 2082 380 2147 rebus
413 2082 555 2148 breviter
586 2082 741 2166 expositis
778 2078 849 2167 (nec
881 2082 967 2146 enim
1000 2103 1070 2144 sum
1080 2085 1106 2147 2:

62 2175 206 2260 copiam,
229 2195 327 2259 quam
348 2173 455 2257 potui,
485 2173 560 2256 quia
583 2171 742 2235 dubitatio
765 2170 799 2234 in
821 2191 856 2233 re
877 2170 970 2234 nulla
993 2173 1071 2252 erat,

61 2260 267 2348 persecutus)
290 2262 346 2327 sed
368 2261 420 2327 his
444 2261 539 2325 rebus
559 2259 760 2325 concluditur
783 2257 927 2341 profecto
952 2260 985 2320 et
1006 2257 1071 2321 vir—

61 2357 150 2417 tutes
175 2372 287 2416 omnes
311 2354 344 2414 et
366 2350 539 2414 honestum
562 2347 657 2431 illud,
680 2347 764 2431 quod
788 2345 889 2409 exiis
914 2345 1016 2410 oritur
1039 2349 1072 2408 et

34 2442 96 2507 aiu
127 2440 194 2504 illis
209 2439 351 2522 haeret,
382 2459 440 2522 per
471 2459 505 2501 se
537 2458 606 2500 esse
639 2434 859 2517 expetendum.
912 2432 951 2495 In
982 2433 1105 2501 omnia

61 2531 173 2594 antem
191 2527 343 2609 honesto,
361 2526 400 2589 de
419 2547 482 2608 quo
500 2525 670 2608 loquimur,
690 2521 771 2585 nihil
791 2525 841 2585 est
858 2523 927 2584 tam
945 2519 1071 2583 illustre

60 2638 122 2682 nec
156 2615 241 2699 quod
272 2614 370 2679 latius
403 2615 515 2697 pateat
546 2633 643 2696 quam
680 2608 865 2674 coniunctio
897 2607 982 2671 inter
1013 2605 1071 2671 ho·

61 2705 166 2770 mines
194 2703 362 2767 hominum
391 2705 423 2765 et
450 2701 543 2784 quasi
570 2698 735 2784 quaedam,
756 2696 894 2761 societas
924 2700 957 2758 et
987 2716 1072 2759 oom-

61 2791 239 2856 municatio
266 2791 446 2855 utilitatum
474 2792 507 2851 et
533 2788 606 2871 ipsa
633 2787 750 2850 caritas
781 2784 908 2869 generis
931 2783 1072 2865 humaui,

34 2902 145 2966 oquae
167 2882 248 2944 nata
275 2901 295 2943 a
321 2877 426 2961 primo
450 2879 537 2957 satu,
566 2874 652 2958 quod
676 2897 695 2938 a
719 2872 978 2957 procreatoribus
1001 2873 1073 2937 nati

60 2968 243 3053 diliguntur
266 2970 299 3030 et
320 2968 392 3031 tota
415 2964 529 3029 domus
550 2962 701 3046 coniugio
725 2965 757 3025 et
781 2961 881 3045 stirpe
905 2960 1078 3044 coniungi.

59 3063 127 3135 tur,
152 3055 254 3138 serpit
278 3053 396 3118 sensim
419 3053 521 3128 foras,
550 3050 797 3134 cognationibus
820 3049 959 3133 primum
965 3099 973 3131 ,
1000 3052 1071 3111 tum

61 3143 290 3223 affinitatibus,
315 3141 428 3205 deinde
453 3139 621 3221 amicitiis,
642 3141 718 3221 post
740 3137 974 3217 vicinitatibus,
1001 3139 1071 3198 tum

60 3233 188 3298 civibus
222 3233 255 3294 et
286 3230 340 3312 iis,
374 3227 430 3311 qui
460 3227 588 3310 publice
624 3226 704 3290 socii
737 3229 832 3309 atque
860 3224 955 3288 amici
989 3225 1072 3303 sunt,

34 3320 178 3390 adeinde
206 3318 309 3383 totius
337 3316 506 3399 complexu
532 3314 639 3399 gentis
664 3313 838 3397 humanae3
867 3333 948 3395 quae
971 3309 1072 3373 animi

60 3408 192 3475 affectio
216 3428 308 3470 suum
328 3405 442 3488 cuique
464 3402 611 3467 tribuens
635 3405 731 3484 atque
753 3400 850 3480 hanc,
873 3419 969 3481 quam
992 3397 1072 3477 dioc,

60 3497 253 3564 societatem
280 3491 515 3560 coniunctionis
548 3489 707 3560 humanae
735 3486 884 3551 munifice
911 3487 945 3548 et
972 3503 1073 3568 aeque
