2346 3876
103 144 169 208 260
263 145 311 200 DE
330 143 477 231 unimus,
491 143 671 201 BONORUM
687 145 736 200 ΕΤ
753 143 941 201 moron

102 326 280 371 sermonem
313 308 452 393 aliquem
485 306 659 391 requirere,
695 328 831 390 cumque
862 329 931 372 non
967 307 1101 373 habeant

101 393 256 479 ingenuas
288 417 327 482 er
359 395 505 461 doctrina
535 395 780 478 oblectationes,
812 395 952 461 circulos
967 395 1101 483 ‚aliquos

102 484 135 545 et
161 482 376 548 sessiunculas
404 483 591 548 consectari.
640 482 726 558 ouin
751 504 792 546 ne
822 483 950 548 bestiae
973 484 1101 568 quidem,

102 591 182 653 quas
209 569 433 636 delectationis
460 592 558 636 causa
585 569 817 654 concludimus,
843 592 918 635 cnm
947 572 1100 656 copiosius

102 659 241 741 alantur,
264 680 359 742 quam
385 658 413 722 si
436 661 543 723 essent
564 658 699 742 liberae,
726 657 821 722 facile
845 659 1019 742 patiuntur
1041 681 1119 724 seser

102 746 259 811 contineri
288 749 459 829 motusque
491 746 613 810 solutos
646 750 679 811 et
710 757 822 832 vagos·
844 768 865 810 a
895 750 1017 812 natura
1046 747 1100 812 sibi

49 850 82 898 ur
102 834 243 898 tributos
270 834 446 918 requirunt
496 833 610 917 Itaque
636 837 674 899 ut
700 834 833 919 quisque
862 835 988 918 optime
1014 838 1099 900 natm

100 922 332 1005 institutusque
355 925 417 1003 est,
440 943 510 987 esse
531 921 663 988 omnino
685 921 770 987 nolit
786 921 822 985 in
838 921 922 1007 vita,
945 923 976 988 si
999 943 1100 1008 geren·

100 1009 149 1073 dis
176 1010 316 1095 negotiis
345 1009 477 1075 orbatus
503 1009 608 1093 possit
633 1009 849 1093 paratissimis
881 1011 970 1076 vesci
1000 1012 1099 1094 volup·

99 1097 231 1162 tatibus.
267 1096 351 1162 Nam
370 1099 427 1162 aut
448 1097 602 1181 privatim
621 1097 742 1182 aliquid
765 1117 875 1183 gerere
895 1099 1027 1164 malunt
1044 1101 1129 1181 autu

101 1186 157 1268 qui
179 1184 294 1249 altiore
317 1184 425 1250 animo
448 1188 537 1269 sunt,
563 1189 737 1268 capessunt
762 1206 832 1249 rem
860 1186 1029 1269 publicam
1052 1187 1100 1250 ho·

101 1272 235 1337 noribus
253 1271 460 1356 imperiisque
479 1272 691 1356 adipiscendis
707 1275 763 1337 aut
780 1276 869 1338 totos
887 1295 923 1338 se
942 1273 984 1339 ad
1002 1274 1101 1340 studia

95 1359 267 1437 ¹doctrinae
290 1359 475 1444 conferunt3
499 1383 562 1444 qua
583 1361 618 1424 in
638 1361 707 1426 vita
729 1363 856 1425 tantum
880 1361 976 1427 abest
997 1366 1036 1427 ut
1054 1383 1101 1427 vo

102 1448 243 1531 luptates
284 1452 529 1531 consectentur,
570 1449 668 1513 etiam
713 1470 824 1532 curas,
865 1449 1101 1533 sollicitudines,

101 1536 230 1620 vigilias
257 1535 426 1620 perferunt
451 1537 635 1621 optimaque
661 1540 755 1620 parte
781 1536 940 1616 hominis,
967 1559 1049 1622 quae
1073 1539 1131 1602 inu

101 1624 195 1689 nobis
232 1623 341 1689 divina
376 1623 520 1689 ducenda
556 1627 618 1707 est,
654 1624 777 1708 ingenii
814 1631 846 1689 et
881 1627 1002 1691 mentis
1041 1625 1101 1690 acie

101 1712 251 1776 fruuntur
288 1733 348 1776 nec
383 1712 583 1796 voluptatem
618 1713 817 1796 requirentes
851 1733 913 1778 nec
947 1713 1102 1800 firgientes

101 1799 260 1882 laborem3
298 1821 361 1874 nec
400 1821 476 1864 vero
516 1799 734 1864 intermittunt
768 1803 826 1865 aut
861 1800 1102 1867 admirationem

102 1909 212 1952 earum
243 1909 363 1972 rerum,
395 1909 476 1971 quae
509 1890 585 1952 sunt
616 1888 657 1952 ab
689 1889 831 1972 antiquis
861 1893 1025 1971 repertae,
1054 1891 1104 1954 aut

101 1975 386 2060 investigationem
403 1997 576 2058 novarum3
600 1997 663 2058 quo
683 1974 789 2040 studio
813 1997 885 2041 cum
903 1976 1021 2042 sufflari
1043 1998 1133 2042 nonu

101 2064 242 2146 possint,
279 2064 424 2128 omnium
459 2067 637 2128 ceterarum
673 2085 780 2128 rerum
812 2063 907 2128 obliti
937 2064 1024 2129 nihil
1054 2064 1103 2130 ab·

102 2152 234 2228 iectum,
261 2150 343 2214 nihil
372 2151 494 2216 humile
521 2151 678 2236 cogitant3
705 2155 861 2235 tantaque
887 2155 939 2216 est
965 2153 1018 2218 vis
1039 2152 1104 2218 tali-

102 2239 162 2303 bus
189 2237 225 2301 iu
255 2238 385 2321 studiis,
414 2243 451 2303 ut
481 2261 535 2304 eos
565 2239 677 2323 etiam,
708 2240 762 2323 qui
792 2239 854 2303 sibi
882 2237 966 2304 alios
987 2238 1103 2325 'propo-

103 2330 235 2390 suerunt
261 2326 343 2390 fines
372 2327 543 2409 bonorum,
571 2348 651 2410 quos
679 2327 822 2391 utilitate
853 2329 910 2391 aut
941 2329 1104 2412 voluptate

102 2414 267 2498 derigunt,
297 2419 406 2479 tamen
438 2415 473 2478 in
499 2414 595 2479 rebus
625 2415 814 2497 quaerendis
847 2415 1104 2500 explicandisque
1115 2438 1135 2478 a

102 2502 226 2567 naturis
249 2507 373 2587 aetates
397 2505 562 2568 conterere
584 2501 757 2567 videamus.

49 2560 90 2688 {81
168 2590 257 2675 Ergo
285 2591 346 2656 hoc
375 2590 503 2673 quidem
531 2593 679 2674 apparet,
707 2612 767 2656 nos
791 2589 832 2654 ad
855 2589 1017 2674 agendum
1040 2604 1105 2656 'esse

103 2682 206 2743 natos.
241 2677 417 2743 Actionum
437 2681 544 2742 autem
567 2697 685 2761 genera
707 2679 814 2762 plura,
836 2682 874 2742 ut
896 2679 1106 2744 obscurentur

102 2767 201 2831 etiarn
231 2766 408 2831 maioribus
438 2766 576 2843 minora,
608 2765 768 2830 maximae
799 2769 909 2830 autem
938 2771 1017 2832 sunt
1046 2767 1106 2851 pri·

103 2875 205 2936 mum,
232 2858 269 2918 ut
296 2853 376 2918 mihi
404 2854 531 2938 quidem
558 2853 684 2917 videtur
711 2857 744 2917 et
773 2853 829 2936 iis,
860 2875 998 2936 quorum
1025 2875 1138 2919 nuncu

103 2941 136 3004 in
165 2941 291 3012 ratione
318 2963 497 3024 versamur,
524 2941 738 3005 consideratio
767 2941 973 3025 cognitioque
1003 2964 1107 3007 rerum

104 3027 291 3092 caelestium
323 3031 356 3092 et
387 3049 512 3111 earum,
547 3050 626 3112 quas
663 3050 683 3092 a
717 3031 833 3093 natura
865 3030 1045 3096 occultatas
1078 3035 1109 3095 et

103 3116 241 3180 latentes
273 3114 427 3199 indagare
459 3117 543 3180 ratio
574 3119 695 3200 potest,
728 3115 840 3181 deinde
869 3137 976 3182 rerum
1004 3118 1109 3203 publi·

103 3225 213 3268 carum
241 3202 477 3268 administratio
506 3208 562 3267 aut
590 3203 835 3269 administrandi
862 3205 1013 3291 scientia,
1041 3210 1109 3270 tum

103 3291 256 3376 prudens,
292 3294 484 3374 temperata,
520 3291 628 3374 fortis,
663 3293 751 3356 iusta
781 3292 867 3356 ratio
902 3292 1142 3378 reliquaequeu

102 3379 239 3444 uirtutes
264 3382 297 3444 et
319 3379 462 3444 actiones
485 3378 659 3443 uirtutibus
687 3383 913 3464 congruentes,
940 3402 1023 3464 quae
1045 3403 1108 3446 uno

103 3468 200 3532 verbo
225 3467 386 3552 complexi
406 3467 514 3532 omnia
541 3467 706 3532 honesta
728 3466 877 3551 dicimus,
906 3467 948 3532 ad
974 3490 1109 3554 quorum
