2346 3876
270 198 336 254 nur.
355 199 388 255 V.
417 199 494 255 oAP.
513 206 543 270 a,
563 205 604 254 ιο.
632 206 789 266 §ao-ao.
944 203 1009 266 ‘247

25 381 62 423 ue
87 358 237 424 sensibus
261 360 321 444 sie,
344 365 394 443 ut,
417 365 529 425 eontra
552 363 580 425 si
603 363 673 445 quis
696 364 802 428 dicere
824 366 916 447 velit,
889 370 1011 430 tnon

25 447 181 533 odiatur),
208 452 330 530 tamen,
356 470 397 512 ne
425 449 500 549 quid
528 451 835 533 praetermittamus,
867 453 1009 517 rationes

24 557 142 620 noque,
171 556 228 600 our
254 535 317 600 hoo
343 535 461 600 itat
418 537 474 619 sit,
504 537 682 602 afferendas
714 542 802 622 puto.
851 539 926 604 Etsi
955 543 1043 624 qui-2

24 627 113 689 otest
134 623 279 708 intellegi
298 626 354 687 aut
372 625 510 709 eogitari
529 647 599 689 esse
619 625 749 709 aliquod
772 627 902 711 animal,
925 629 1010 712 quod

24 710 186 776 roderit‘?
208 731 260 774 res
284 711 368 774 enim
392 717 583 777 concurrent
600 714 791 780 contrariae
826 679 913 780 Narir
936 736 1009 781 oum

23 800 165 884 ppetitus
198 799 254 863 ille
286 799 386 863 animi
418 800 540 882 aliquid
574 801 614 865 ad
647 823 681 866 se
710 801 838 866 trahere
869 804 1010 887 eoeperit

23 887 166 970 insulto,
188 886 273 970 quod
296 887 358 951 sibi
380 887 480 966 obsit,
504 889 580 970 quia
603 889 646 953 sit
668 889 763 953 sibi
753 891 913 972 inimicus,
935 913 1008 956 oum

23 975 32 1039 l
66 997 127 1039 sua
158 995 255 1038 eausa
283 973 403 1058 faciet,-
426 978 459 1039 et
493 975 597 1040 oderit
582 979 661 1040 tse
694 982 727 1041 et
758 978 853 1042 simul
886 941 1008 1080 diliget,

23 1062 86 1128 uod
113 1061 184 1125 fieri
211 1083 279 1126 non
304 1066 421 1233 potest.
469 1061 673 1148 Necesseque
700 1070 764 1149 est,
794 1067 822 1130 si
846 1066 916 1150 quis
939 1068 1008 1150 ipse

22 1260 86 1304 ona
110 1241 235 1321 eontra,
262 1259 344 1321 quae
367 1202 468 1321 mala,
495 1243 540 1323 et,
568 1261 650 1322 quae
673 1243 867 1342 appetenda,
894 1243 1007 1326 fugere

22 1331 45 1411 t,
76 1347 161 1412 quae
190 1325 355 1410 fugienda,
386 1330 549 1410 appetere,
579 1349 661 1411 quae
694 1329 762 1393 sine
792 1329 889 1394 dubio
921 1332 1006 1395 vitae

21 1419 49 1480 st
76 1413 212 1478 eversio.
260 1412 374 1497 Neque
401 1414 501 1497 enim,
531 1415 560 1478 si
586 1437 653 1480 non
679 1416 762 1479 nulli
794 1418 1007 1502 reperiuntur,

22 1504 54 1568 ιιι
78 1505 136 1566 aut
159 1501 291 1585 laqueos
314 1506 371 1565 aut
393 1503 459 1566 alia
480 1503 578 1566 exitia
601 1507 768 1586 quaerant,
798 1507 867 1587 aut,
892 1509 930 1568 ut
951 1506 1006 1569 ille

21 1590 85 1692 pud
104 1589 304 1670 Terentium,
328 1589 382 1673 qui
406 1588 594 1654 decrevit
611 1591 806 1741 tantisper
826 1593 1006 1656 seminus

21 1678 168 1744 niurias
205 1698 272 1742 suo
311 1679 401 1742 nato
437 1676 593 1758 faeere'‚
629 1679 734 1742 ιιιιι
703 1679 869 1761 artipse,
906 1678 1007 1743 ‘dum

20 1767 72 1832 iat
106 1763 250 1848 miser'‚
281 1765 430 1830 inimicus
462 1765 532 1848 ipse
560 1766 622 1830 sibi
649 1766 812 1849 putandus
842 1770 899 1830 est.
945 1765 1041 1832 Sede

20 1855 55 1918 lii
79 1853 192 1918 dolore
215 1856 398 1936 moventur,
422 1853 478 1917 alii
501 1852 690 1936 eupiditate,
719 1853 885 1918 iracundia
908 1855 1008 1918 etiam

20 1942 96 2008 mlti
114 1941 290 2006 efferuntur
309 1946 354 2023 et,
377 1962 450 2004 oum
468 1942 501 2004 in
520 1941 607 2005 mala
623 1941 761 2006 seientes
780 1942 916 2024 irruunt,
938 1947 1008 2006 tum

19 2053 32 2094 a
59 2029 183 2181 optqnp
212 2027 275 2179 stibi
302 2028 468 2093 consulere
496 2029 703 2096 arbitrantur.
750 2029 865 2114 Itaque
897 2030 1009 2094 dieunt

19 2140 57 2182 ‚eo
103 2140 124 2181 u
149 2138 246 2179 ran:

65 2247 163 2313 Mihi
186 2246 239 2312 sio
262 2253 322 2312 est
344 2270 449 2329 usus,
477 2247 550 2312 tibi
571 2253 753 2334 ut-opust
774 2250 893 2334 facto,
915 2252 1007 2316 face.
1062 2226 1064 2231 Ι

18 2383 61 2458 lui
85 2381 150 2463 ipsi
174 2380 237 2444 sibi
259 2380 382 2446 bellum
404 2379 610 2462 indixissent,
634 2381 770 2445 eruciari
793 2381 874 2464 dies,
895 2387 1007 2446 noctes

18 2468 146 2553 orqueri
181 2468 314 2551 vellent,
352 2489 410 2533 neo
441 2489 516 2532 vero
550 2489 620 2533 sese
650 2468 713 2550 ipsi
745 2473 935 2532 accusarent
966 2471 1007 2534 ob

18 2579 72 2622 am
106 2576 250 2639 oausam,
282 2556 366 2638 quod
399 2577 434 2620 se
466 2557 551 2620 male
585 2556 650 2620 suis
682 2555 778 2619 rebus
809 2555 1007 2620 consuluisse

17 2645 152 2746 ioerent.
205 2642 328 2707 Eorum
364 2644 451 2707 enim
487 2647 537 2707 est
571 2643 652 2708 haee
683 2643 824 2725 querela,
856 2644 911 2726 qui
944 2644 1007 2708 sibi

18 2732 175 2798 arisunt
206 2752 338 2832 seseque
370 2730 518 2815 diligunt.
569 2731 689 2814 Quare,
722 2730 1007 2831 quotienscumque

17 2821 127 2885 ioetur
149 2819 234 2882 male
257 2819 328 2970 quis
352 2818 390 2882 de
419 2841 453 2883 se
476 2820 591 2883 mereri
615 2818 776 2901 sibique
766 2818 914 2883 mimicus
938 2841 1007 2884 esse

19 2915 97 2993 tque
124 2906 243 2989 hostis,
269 2907 370 2971 vitam
399 2907 533 2990 denique
559 2906 684 2990 fugere,
708 2906 920 2991 intellegatur
951 2909 1007 2972 ali-

20 3018 97 3062 uam
126 2995 256 3058 subesse
284 2995 352 3058 eius
381 2994 468 3058 modi
497 3015 639 3077 oausam,
666 2999 703 3058 ut
730 3015 769 3058 ex
796 3016 833 3058 eo
863 2995 936 3078 ipso
959 2997 1006 3060 in-

16 3084 111 3168 allegi
133 3082 238 3166 possit
261 3082 323 3146 sibi
346 3103 504 3167 quemque
527 3103 597 3146 esse
620 3103 737 3147 earum.
781 3081 850 3148 Neo
873 3105 949 3148 uero
972 3084 1005 3147 id
1025 3103 1059 3150 ao

16 3172 80 3236 atis
104 3174 168 3253 est,
191 3170 352 3234 neminem
375 3191 459 3253 esse,
481 3170 536 3254 qui
559 3170 627 3252 ipsa
651 3191 685 3234 se
709 3169 825 3254 oderit,
849 3169 905 3234 sed
927 3171 1007 3234 illud

15 3279 127 3344 uoque
159 3219 413 3342 intellegendum
444 3261 506 3340 est,
536 3257 698 3323 neminem
730 3279 812 3339 esse,
845 3259 912 3340 qui,
944 3279 1006 3340 quo

15 3347 96 3412 uodo
121 3367 155 3410 se
177 3345 311 3429 habeat,
332 3345 416 3410 nihil
435 3349 641 3410 suscenseat
662 3346 826 3409 interesse.
862 3344 1067 3408 Tolletur

15 3436 86 3499 nim
110 3422 274 3518 appetitus
298 3433 412 3514 animi,
435 3433 477 3515 si,
505 3432 660 3497 atmiis
683 3433 792 3513 rebus,
819 3431 905 3495 inter
926 3453 1006 3514 quas

14 3522 81 3587 nihil
101 3522 252 3604 interest,
274 3521 453 3585 neutram
443 3541 477 3584 ιιι
494 3541 553 3605 par
555 3524 621 3584 tem
638 3519 866 3605 propensiores
887 3541 1017 3599 sumus,
