2346 3876
288 107 355 163 ala
374 108 422 164 lv.
451 107 526 165 one.
546 113 668 164 rs-as.
696 113 853 175 §so-ss.
1009 109 1072 172 411

130 267 289 334 Dicamus
320 269 421 354 igitur
447 269 562 333 utilem
589 270 770 335 insaniam?
819 271 937 336 Tracta
964 248 1129 375 defini-25¹}

60 357 171 421 tiones
190 354 402 440 fortitudinis,
423 357 593 442 intelleges
612 378 683 421 eam
702 358 869 423 stomacho
887 380 954 423 non
972 379 1075 442 egere.

61 444 237 510 Fortitudo
270 448 320 509 est
347 444 449 528 igitur
476 443 615 510 adfectio
643 446 743 510 animi
770 446 836 530 legi
866 468 1009 511 summae
1039 448 1075 511 in

61 532 283 617 perpetiendis
302 533 399 597 rebus
413 534 639 615 obtemperans
657 534 708 597 vel
727 535 928 600 conservatio
948 535 1074 598 stabilis

25 640 49 683 c
63 620 177 685 iudicii
200 621 235 684 in
258 620 303 684 eis
326 621 437 704 rebus,
460 642 542 704 quae
564 620 792 686 formidolosae
813 621 977 705 videntur,
1000 623 1076 686 snb·

64 707 178 773 eundis
194 711 227 771 et
240 706 433 790 repellendis
447 708 499 773 vel
513 708 648 772 scientia
664 729 772 772 rerum
790 708 1075 774 formidolosarum

63 794 362 879 contrariarumque
377 799 434 859 aut
447 795 578 860 omnino
592 796 867 880 neglegendarum
879 818 1073 863 conservans

15 928 26 934 -
64 904 178 947 earum
205 904 313 947 rerum
340 883 458 948 stabile
485 883 639 948 iudicium
662 884 713 949 rel
741 884 884 967 brevius,
911 888 947 950 ut
971 882 1074 968 Chry·

64 971 178 1053 sippus
221 968 310 1056 (nam
347 971 529 1054 superiores
566 971 769 1036 definitiones
806 976 899 1037 erant
931 970 1075 1057 Sphaeri,

10 1074 52 1124 ιο
62 1057 207 1140 hominis
234 1058 268 1121 in
294 1059 409 1142 primis
431 1059 513 1123 bene
536 1059 731 1143 definientis,
760 1062 797 1125 ut
818 1064 937 1144 putant
960 1058 1073 1145 Stoici3

64 1149 144 1210 sunt
166 1145 252 1209 enim
280 1146 410 1211 omnino
439 1167 549 1210 omnes
571 1146 639 1212 fere
662 1148 799 1231 similes,
829 1149 885 1215 sed
908 1148 1075 1214 declarant

64 1233 245 1300 communis
272 1234 435 1317 notiones,
467 1234 533 1298 alia
559 1235 665 1318 magis
694 1234 772 1321 alia)
804 1273 847 1284 -
876 1236 948 1312 Quo
977 1238 1073 1302 modo

63 1322 167 1407 igitur
190 1319 412 1405 Chrysippus?
463 1321 648 1387 ‘Fortitudo
677 1322 756 1406 est',
779 1323 899 1408 inquit,
924 1323 1074 1390 ‘scientia

63 1431 173 1474 rerum
201 1409 463 1492 perferendarum
489 1409 541 1475 vel
568 1410 706 1475 adfectio
734 1412 834 1475 animi
860 1412 895 1475 in
911 1406 1073 1495 ⁴patiendo

10 1516 51 1564 ιε
63 1519 102 1562 ac
120 1496 311 1582 perferendo
328 1518 470 1562 summae
488 1497 555 1580 legi
572 1519 689 1581 parens
705 1499 773 1562 sine
791 1498 929 1565 timore?
957 1499 1073 1575 Quam-

62 1585 114 1650 vis
132 1585 210 1650 licet
228 1586 423 1650 insectemur
440 1586 532 1668 istos,
549 1590 587 1649 ut
601 1583 782 1651 Carneades
800 1587 936 1670 solebat,
954 1592 1073 1672 metuo,

62 1694 104 1738 ne
119 1673 183 1738 soli
196 1672 384 1756 philosophi
398 1673 472 1737 sint.
499 1672 587 1749 Quae
602 1674 689 1739 enim
702 1675 838 1743 istarum
852 1674 1074 1740 definitionum

63 1782 131 1826 non
154 1760 260 1844 aperit
282 1761 447 1826 notionem
469 1765 629 1845 nostram,
656 1783 754 1846 quam
782 1762 1073 1847 habemus-omnes

65 1848 103 1913 de
137 1848 327 1914 fortitudine
358 1851 480 1914 tectam
507 1852 603 1932 atque
630 1849 833 1914 involutam?
865 1873 929 1935 qua
961 1854 1074 1933 aperta

19 1937 136 2020 nequis
160 1938 224 2020 est,
247 1936 302 2020 qui
326 1939 382 2001 aut
404 1936 556 2002 bellatori
579 1940 636 2002 aut
659 1937 848 2021 imperatori
871 1941 927 2002 aut
950 1940 1073 2004 oratori

63 2029 199 2109 quaerat
226 2024 348 2108 aliquid
369 2045 474 2109 neque
497 2046 552 2089 eos
580 2025 752 2090 existumet
775 2025 845 2091 sine
867 2026 957 2090 rabie
987 2027 1073 2110 quic-

64 2132 162 2195 quam
184 2111 315 2177 fortiter
336 2113 442 2177 facere
464 2112 583 2195 posse?
619 2112 725 2189 Quid?
748 2111 862 2199 Stoici,
885 2115 940 2199 qui
963 2136 1073 2179 omncs
1092 2132 1128 2183 54

63 2200 254 2282 insipientes
277 2200 409 2265 insanos
429 2222 500 2265 esse
522 2201 647 2284 dicunt,
669 2223 775 2267 nonne
798 2203 862 2266 ista
885 2203 1074 2287 conligunt?

64 2286 208 2352 Remove
235 2288 496 2370 perturbationes
524 2309 735 2373 maxumeque
765 2289 977 2373 iracundiam,
1009 2291 1074 2355 iam

29 2397 53 2440 a
64 2375 259 2441 videbuntur
277 2379 424 2442 monstra
441 2376 555 2440 dicere.
590 2375 685 2440 Nunc
708 2378 817 2440 autem
839 2377 887 2442 ita
904 2377 1074 2461 disserunt,

64 2464 112 2528 sio
139 2485 174 2528 se
202 2464 307 2528 dicere
335 2485 446 2530 omnes
473 2464 592 2528 stultos
623 2463 779 2547 insanire,
810 2466 848 2528 ut
874 2464 958 2528 male
988 2466 1074 2530 olere

65 2572 160 2617 omne
184 2572 327 2622 caenum.
380 2551 428 2616 At
454 2573 521 2617 non
549 2572 684 2634 semper.
730 2549 918 2635 Commove,
945 2552 1074 2618 senties.

63 2635 312 2704 sisemundus
334 2660 402 2705 non
424 2660 552 2722 semper
572 2638 675 2704 iratus
698 2643 760 2723 est,
782 2640 917 2722 lacesse,
939 2640 1006 2705 iam
1028 2641 1074 2705 vi·

64 2725 157 2791 debis
180 2725 348 2791 furentem.
398 2726 503 2803 Quid?
529 2727 594 2792 ists
620 2727 772 2793 bellatur
792 2727 974 2810 iracundia,
1002 2749 1074 2793 cum

33 2814 199 2880 rodomum
216 2812 325 2894 rediit,
349 2815 454 2898 qualis
473 2819 523 2880 est
542 2837 614 2880 cum
632 2837 744 2899 uxore,
766 2838 838 2881 cunr
856 2815 979 2899 liberis,
1001 2836 1074 2881 com

64 2901 212 2967 familia?
239 2922 283 2966 an
308 2905 379 2966 tum
406 2923 532 2986 quoque
560 2907 611 2968 est
635 2903 748 2968 utilis?
799 2903 862 2969 nse
888 2903 989 2989 igitur
1017 2905 1073 2968 ali-

64 2989 156 3075 quid,
179 2989 265 3072 quod
282 2990 472 3072 perturbate
488 3011 579 3055 mens
598 2991 712 3056 melius
731 2992 836 3076 possit
852 2991 959 3057 faeere
977 3013 1074 3075 quam

64 3077 241 3143 constans?
255 3099 298 3141 an
311 3076 479 3161 quisquam
494 3082 603 3161 potest
613 3079 683 3143 sine
696 3080 941 3163 perturbatione
954 3080 1074 3144 mentis

64 3164 183 3229 irasci?
219 3164 308 3229 Bene
325 3165 425 3249 igitur
444 3167 561 3250 nostri,
584 3187 656 3232 cum
680 3168 789 3232 omnia
812 3170 920 3231 essent
942 3167 975 3231 in
998 3188 1074 3231 mo·

30 3266 53 3328 a
64 3252 174 3316 ribus
197 3252 292 3335 vitia,
315 3253 400 3335 quod
422 3253 547 3318 nullum
570 3258 640 3319 erat
662 3255 830 3319 iracundia
851 3255 990 3337 foedius,
1012 3255 1074 3318 ira·

65 3339 187 3405 cundos
209 3338 297 3405 solos
321 3361 493 3406 morosos
516 3343 772 3406 nominaverunt.

131 3424 302 3493 Oratorem
323 3448 399 3492 vero
427 3428 523 3493 irasci
545 3429 676 3494 minime
703 3429 805 3513 decet,
833 3429 986 3496 simulare
1007 3451 1074 3495 non
