2356 3870
315 180 384 235 ms.
404 181 453 235 111.
481 180 557 235 CAR
577 187 683 236 a-1o.
711 186 866 246 sas-sa.
933 211 936 216 <
1034 182 1097 246 183

40 346 53 386 ἰ·
118 336 241 406 ultimum
263 342 436 422 bonorum,
464 347 498 406 et
520 342 575 426 qui
596 343 721 407 nullam
748 364 855 407 rerum
883 343 1096 408 differentiam

48 504 49 508 Ἰ
113 447 167 492 esse
186 429 346 513 dixerunt,
370 435 467 515 atque
488 431 536 494 ita
559 431 737 513 sapientem
759 430 891 494 beatum
913 431 992 514 fore,
1013 432 1096 495 nihil

41 590 43 595 ⁴
109 515 180 581 aliud
202 517 258 582 alii
279 522 444 582 momento
462 517 530 582 ullo
554 521 815 601 anteponentem,
842 523 872 582 el
892 518 946 599 qai
968 521 1005 582 ut
1027 520 1095 604 qui·

40 609 43 630 ²
104 602 168 668 dam
190 604 375 671 Academici
397 605 602 670 constituisse
625 605 773 669 dicuntur
796 608 973 669 extremum
996 606 1095 671 bono·

81 712 164 756 aram
186 695 221 756 et
243 714 404 757 summum
426 713 543 757 munus
566 713 636 756 esse
658 693 813 775 sapientis
837 692 995 757 obsistere
1016 693 1095 757 visis

96 801 304 865 assensusque
322 801 398 845 suos
421 782 514 844 firme
533 780 700 844 sustinere.
731 779 793 844 His
812 780 948 864 singulis
967 781 1096 863 copiose

92 868 279 952 responderi
298 867 396 950 solet,
413 868 483 951 sed,
507 889 589 952 quae
610 868 780 953 perspicua
799 871 886 951 sunt,
909 868 1009 954 longa
1026 889 1096 933 esse

89 977 154 1020 non
182 955 310 1019 debent.
360 955 444 1032 Quid
473 960 582 1019 autern
610 955 752 1038 apertius
775 977 886 1040 quam,
914 955 942 1019 si
965 956 1096 1020 selectio

87 1043 180 1108 nulla
212 1043 258 1107 sit
289 1042 329 1107 ab
360 1043 402 1107 iis
433 1043 546 1124 rebus,
578 1064 659 1126 quae
691 1046 805 1106 contra
835 1047 986 1108 naturam
1020 1043 1096 1125 sint,

52 1153 201 1196 rosarum
223 1151 346 1213 rerum,
375 1152 456 1215 quae
484 1130 550 1195 sint
572 1130 746 1194 secundum
772 1134 935 1214 naturam,
963 1131 1097 1194 tolletur

90 1218 200 1284 omnis
232 1239 284 1302 ea,
322 1239 403 1302 quae
427 1220 609 1302 'quaeratur
643 1217 868 1304 laudaturque,
902 1218 1096 1302 prudentie?

89 1305 352 1390 Circumscriptis
378 1305 480 1390 igitur
514 1306 554 1370 iis
588 1305 772 1386 sententiis,
804 1328 884 1390 quas
920 1307 1027 1389 posui,
1064 1310 1097 1370 et

87 1396 144 1472 iis,
168 1394 198 1459 si
221 1414 302 1477 quae
324 1393 448 1458 similes
471 1414 582 1457 earum
604 1396 692 1475 sunt,
718 1393 924 1477 relinquitur,
952 1397 989 1458 ut
1010 1415 1094 1458 sum-

87 1504 179 1547 mum
207 1481 329 1546 bonum
356 1481 399 1545 sit
424 1481 531 1545 vivere
558 1481 728 1545 scientiam
756 1480 961 1545 adhibentem
987 1502 1095 1545 earum

48 1591 212 1653 raretum,
234 1589 315 1653 quae
332 1571 449 1633 natura
466 1568 630 1650 eveniant,
653 1568 857 1652 seligentem,
880 1589 960 1651 quae
984 1589 1096 1632 secun·

88 1658 166 1722 dum
178 1660 341 1739 naturam,
361 1659 402 1739 et,
420 1677 502 1741 quae
517 1659 629 1721 contra
644 1659 795 1719 naturam
810 1655 885 1737 sint,
902 1655 1097 1736 reicientem,

87 1745 122 1810 id
155 1747 207 1810 est
237 1744 462 1810 convenienter
500 1746 774 1827 congruenterque
810 1746 945 1806 naturae
982 1741 1096 1806 vivere.

88 1831 153 1897 Sed
185 1831 228 1906 ,in
267 1831 382 1896 ceteris
423 1831 546 1896 artibus
587 1852 660 1896 eum
701 1829 819 1894 dicitur
863 1829 1096 1911 artificiose,
1114 1845 1148 1893 32

90 1923 259 2004 posterum
282 1919 422 2004 quodem
444 1918 540 1983 modo
564 1922 597 1982 et
619 1938 814 2003 consequeus
837 1916 1015 2002 putandum
1038 1920 1097 1998 est,

56 2007 176 2091 oquod
202 2007 253 2071 illi
280 2001 575 2090 ἐπιγεννηματικόν
608 2006 786 2088 appellent3
818 2028 891 2070 eum
923 2007 1029 2069 autem
1063 2005 1125 2068 in·

92 2116 154 2179 quo
181 2095 381 2178 sapienter
409 2094 556 2176 dicimus,
583 2093 618 2157 id
646 2115 665 2158 a
691 2094 796 2177 primo
819 2094 997 2158 rectissime
1020 2093 1096 2158 diei·

91 2186 151 2247 tur.
202 2181 358 2266 Quicquid
386 2182 472 2246 enim
499 2203 518 2246 a
543 2180 688 2264 sapiente
710 2181 938 2264 proficiscitur,
966 2180 999 2244 id
1022 2201 1096 2245 con·

91 2270 182 2336 tinuo
206 2270 303 2334 debet
325 2270 490 2353 expletum
513 2290 583 2333 esse
606 2268 755 2333 omnibus
783 2269 849 2332 suis
874 2268 1034 2352 partibus3
1062 2268 1096 2330 iu

95 2379 129 2422 eo
157 2357 244 2423 enim
270 2357 414 2442 positum
438 2356 557 2440 estid,
585 2355 672 2440 quod
695 2355 830 2420 dicimus
854 2375 923 2419 esse
947 2360 1095 2437 expeten-

66 2444 175 2511 udam.
212 2443 298 2509 Nam
316 2448 355 2510 ut
371 2447 539 2528 peccatum
558 2448 608 2508 est
624 2442 765 2526 petriam
783 2442 927 2525 prodere,
946 2446 1095 2524 parentes

95 2533 228 2617 violare,
258 2533 338 2597 fana
369 2531 565 2616 depeculari,
596 2551 677 2614 quae
709 2533 785 2594 sunt
815 2530 850 2593 in
887 2529 1014 2611 effectu,
1051 2530 1096 2593 sic

93 2621 219 2703 timere,
242 2621 290 2685 sic
312 2641 469 2703 maerere,
492 2619 594 2682 sicin
617 2618 749 2682 libidine
768 2638 838 2681 esse
855 2619 1024 2701 peccatum
1047 2621 1097 2680 est

94 2710 189 2773 etiam
220 2709 291 2772 sine
318 2707 441 2772 effectu.
484 2705 607 2772 Verum
634 2709 672 2769 ut
698 2705 779 2769 haec
800 2726 867 2769 non
894 2704 927 2767 in
956 2704 1095 2786 posteris

94 2797 183 2861 etin
206 2795 489 2880 consequentibus,
518 2793 572 2858 sed
595 2793 764 2876 inprimis
788 2792 940 2857 continuo
963 2795 1097 2874 peccatu

59 2899 82 2946 ao
93 2888 180 2968 sunt,
203 2883 250 2947 sic
268 2904 320 2966 ea,
339 2904 421 2968 quae
438 2881 687 2966 proficiscuntur
705 2902 725 2943 a
743 2881 876 2962 virtute,
894 2880 1096 2963 susceptione
1150 2944 1153 2951 ,

90 2974 209 3055 prima,
231 2992 300 3035 non·
318 2969 513 3053 perfectione
535 2972 624 3032 recta
647 2973 722 3031 sunt
744 2966 921 3032 iudicanda.

155 3058 303 3123 Bonum
321 3061 445 3141 autem,
467 3056 552 3142 quod
569 3056 604 3118 in
622 3054 685 3119 hoo
703 3076 850 3119 sermone
867 3056 988 3119 totiens
1006 3076 1096 3118 usur·
1108 3031 1150 3095 10

87 3150 204 3232 patum
223 3148 286 3229 est,
308 3145 342 3208 id
360 3145 459 3209 etiem
477 3143 664 3208 definitione
683 3142 869 3226 explicatur.
905 3139 967 3206 Sed
986 3162 1096 3206 eorum
1114 3109 1148 3156 ³³

86 3233 295 3300 definitiones
313 3233 445 3316 paulum
464 3229 583 3323 oppido
602 3231 689 3294 inter
709 3252 744 3295 se
766 3230 919 3294 differunt
937 3232 1097 3293 ettamen

48 3342 73 3389 ss
86 3322 203 3389 eodem
224 3323 389 3405 spectant.
439 3319 512 3405 Ego
540 3317 697 3383 assentior
719 3315 872 3402 Diogeni,
897 3316 953 3399 qui
975 3316 1096 3379 bonum

82 3408 252 3477 definierit
273 3407 319 3491 id,
342 3407 427 3492 quod
451 3408 536 3472 esset
557 3409 674 3470 natura
696 3405 889 3470 absolutum.
927 3401 965 3465 Id
988 3406 1096 3466 autem

82 3517 227 3584 sequens
255 3495 336 3560 illud
362 3495 476 3578 etism,
503 3493 589 3577 quod
615 3493 783 3575 prodesset
809 3485 981 3577 (ὠφέλημα
1011 3489 1095 3553 enim
