<?xml version="1.0" encoding="UTF-8"?>
<!DOCTYPE html PUBLIC "-//W3C//DTD XHTML 1.0 Transitional//EN"
    "http://www.w3.org/TR/xhtml1/DTD/xhtml1-transitional.dtd">
<html xmlns="http://www.w3.org/1999/xhtml" xml:lang="en" lang="en">
 <head>
  <title>
</title>
<meta http-equiv="Content-Type" content="text/html;charset=utf-8" />
  <meta name='ocr-system' content='tesseract 3.04.00' />
  <meta name='ocr-capabilities' content='ocr_page ocr_carea ocr_par ocr_line ocrx_word'/>
</head>
<body>
  <div class='ocr_page' id='page_1' title='image "./mtulliiciceroni00mlgoog_0387.png"; bbox 0 0 2356 3870; ppageno 0'>
   <div class='ocr_carea' id='block_1_1' title="bbox 104 172 917 240">
    <p class='ocr_par' dir='ltr' id='par_1_1' title="bbox 104 172 917 240">
     <span class='ocr_line' id='line_1_1' title="bbox 104 172 917 240; baseline -0.015 1"><span class='ocrx_word' id='word_1_1' title='bbox 104 175 169 240; x_wconf 85' lang='lat'><strong>338</strong></span> <span class='ocrx_word' id='word_1_2' title='bbox 298 174 595 230; x_wconf 76' lang='lat' dir='ltr'>TUSCULANARUM</span> <span class='ocrx_word' id='word_1_3' title='bbox 613 172 917 230; x_wconf 80' lang='lat' dir='ltr'><strong>DISPUTA&#39;I&#39;IONUM</strong></span> 
     </span>
    </p>
   </div>
   <div class='ocr_carea' id='block_1_2' title="bbox 49 333 1142 3570">
    <p class='ocr_par' dir='ltr' id='par_1_2' title="bbox 50 333 1142 1380">
     <span class='ocr_line' id='line_1_2' title="bbox 103 333 1095 419; baseline -0.002 -19"><span class='ocrx_word' id='word_1_4' title='bbox 103 339 192 418; x_wconf 89' lang='lat' dir='ltr'><strong>runt,</strong></span> <span class='ocrx_word' id='word_1_5' title='bbox 225 337 309 400; x_wconf 76' lang='lat' dir='ltr'><strong>verti</strong></span> <span class='ocrx_word' id='word_1_6' title='bbox 337 337 436 401; x_wconf 89' lang='lat' dir='ltr'><strong>etiam</strong></span> <span class='ocrx_word' id='word_1_7' title='bbox 465 336 569 400; x_wconf 90' lang='lat' dir='ltr'><strong>multa</strong></span> <span class='ocrx_word' id='word_1_8' title='bbox 598 335 637 400; x_wconf 90' lang='lat' dir='ltr'><strong>de</strong></span> <span class='ocrx_word' id='word_1_9' title='bbox 666 333 817 418; x_wconf 78' lang='lat' dir='ltr'><strong>Graecis,</strong></span> <span class='ocrx_word' id='word_1_10' title='bbox 848 356 891 399; x_wconf 90' lang='lat' dir='ltr'><strong>ne</strong></span> <span class='ocrx_word' id='word_1_11' title='bbox 922 356 986 419; x_wconf 89' lang='lat' dir='ltr'><strong>quo</strong></span> <span class='ocrx_word' id='word_1_12' title='bbox 1017 356 1095 400; x_wconf 88' lang='lat' dir='ltr'><strong>oma-</strong></span> 
     </span>
     <span class='ocr_line' id='line_1_3' title="bbox 103 421 1142 508; baseline -0.001 -21"><span class='ocrx_word' id='word_1_13' title='bbox 103 428 213 489; x_wconf 86' lang='lat' dir='ltr'><strong>mento</strong></span> <span class='ocrx_word' id='word_1_14' title='bbox 226 424 259 488; x_wconf 90' lang='lat' dir='ltr'><strong>in</strong></span> <span class='ocrx_word' id='word_1_15' title='bbox 272 424 335 490; x_wconf 91' lang='lat' dir='ltr'><strong>boc</strong></span> <span class='ocrx_word' id='word_1_16' title='bbox 348 444 464 508; x_wconf 81' lang='lat' dir='ltr'><strong>genere</strong></span> <span class='ocrx_word' id='word_1_17' title='bbox 482 423 710 507; x_wconf 68' lang='lat' dir='ltr'><strong>disputationis</strong></span> <span class='ocrx_word' id='word_1_18' title='bbox 724 426 847 487; x_wconf 78' lang='lat' dir='ltr'>careret</span> <span class='ocrx_word' id='word_1_19' title='bbox 860 421 980 487; x_wconf 85' lang='lat' dir='ltr'><strong>Latina</strong></span> <span class='ocrx_word' id='word_1_20' title='bbox 997 424 1097 487; x_wconf 89' lang='lat' dir='ltr'><strong>oratic.</strong></span> <span class='ocrx_word' id='word_1_21' title='bbox 1140 446 1142 453; x_wconf 93' lang='lat'>·</span> 
     </span>
     <span class='ocr_line' id='line_1_4' title="bbox 50 509 1097 594; baseline 0.001 -23"><span class='ocrx_word' id='word_1_22' title='bbox 50 524 84 572; x_wconf 74' lang='lat'><strong>2⁷</strong></span> <span class='ocrx_word' id='word_1_23' title='bbox 104 509 166 576; x_wconf 84' lang='lat' dir='ltr'><strong>Sed</strong></span> <span class='ocrx_word' id='word_1_24' title='bbox 188 511 332 594; x_wconf 80' lang='lat' dir='ltr'><strong>videsne,</strong></span> <span class='ocrx_word' id='word_1_25' title='bbox 354 514 468 594; x_wconf 69' lang='lat' dir='ltr'><strong>poitae</strong></span> <span class='ocrx_word' id='word_1_26' title='bbox 490 511 566 594; x_wconf 88' lang='lat' dir='ltr'><strong>quid</strong></span> <span class='ocrx_word' id='word_1_27' title='bbox 584 511 662 575; x_wconf 90' lang='lat' dir='ltr'><strong>mali</strong></span> <span class='ocrx_word' id='word_1_28' title='bbox 680 510 851 575; x_wconf 80' lang='lat' dir='ltr'><strong>adferant?</strong></span> <span class='ocrx_word' id='word_1_29' title='bbox 886 509 1097 575; x_wconf 86' lang='lat' dir='ltr'><strong>Lamentantis</strong></span> 
     </span>
     <span class='ocr_line' id='line_1_5' title="bbox 103 597 1100 682; baseline -0.003 -19"><span class='ocrx_word' id='word_1_30' title='bbox 103 600 259 664; x_wconf 89' lang='lat' dir='ltr'><strong>inducunt</strong></span> <span class='ocrx_word' id='word_1_31' title='bbox 285 599 481 663; x_wconf 85' lang='lat' dir='ltr'><strong>fortissimos</strong></span> <span class='ocrx_word' id='word_1_32' title='bbox 507 599 608 682; x_wconf 86' lang='lat' dir='ltr'><strong>viros,</strong></span> <span class='ocrx_word' id='word_1_33' title='bbox 639 598 790 662; x_wconf 88' lang='lat' dir='ltr'><strong>molliunt</strong></span> <span class='ocrx_word' id='word_1_34' title='bbox 817 597 946 662; x_wconf 88' lang='lat' dir='ltr'><strong>animos</strong></span> <span class='ocrx_word' id='word_1_35' title='bbox 975 601 1100 679; x_wconf 86' lang='lat' dir='ltr'><strong>nostros,</strong></span> 
     </span>
     <span class='ocr_line' id='line_1_6' title="bbox 103 683 1118 770; baseline -0.003 -21"><span class='ocrx_word' id='word_1_36' title='bbox 103 688 150 750; x_wconf 88' lang='lat' dir='ltr'><strong>ita</strong></span> <span class='ocrx_word' id='word_1_37' title='bbox 178 691 254 751; x_wconf 89' lang='lat' dir='ltr'><strong>sunt</strong></span> <span class='ocrx_word' id='word_1_38' title='bbox 280 685 394 750; x_wconf 91' lang='lat' dir='ltr'><strong>deinde</strong></span> <span class='ocrx_word' id='word_1_39' title='bbox 420 687 543 768; x_wconf 80' lang='lat' dir='ltr'><strong>dulces,</strong></span> <span class='ocrx_word' id='word_1_40' title='bbox 568 689 698 759; x_wconf 83' lang='lat' dir='ltr'><strong>utnon</strong></span> <span class='ocrx_word' id='word_1_41' title='bbox 727 686 879 770; x_wconf 82' lang='lat' dir='ltr'><strong>legantur</strong></span> <span class='ocrx_word' id='word_1_42' title='bbox 910 685 1025 767; x_wconf 86' lang='lat' dir='ltr'><strong>m0d0,</strong></span> <span class='ocrx_word' id='word_1_43' title='bbox 1055 683 1118 750; x_wconf 73' lang='lat' dir='ltr'><strong>sede</strong></span> 
     </span>
     <span class='ocr_line' id='line_1_7' title="bbox 104 771 1101 856; baseline -0.001 -19"><span class='ocrx_word' id='word_1_44' title='bbox 104 774 202 838; x_wconf 91' lang='lat' dir='ltr'><strong>etiam</strong></span> <span class='ocrx_word' id='word_1_45' title='bbox 224 774 416 838; x_wconf 75' lang='lat' dir='ltr'><strong>ediscantur.</strong></span> <span class='ocrx_word' id='word_1_46' title='bbox 455 771 508 837; x_wconf 84' lang='lat' dir='ltr'><strong>Sic</strong></span> <span class='ocrx_word' id='word_1_47' title='bbox 531 773 572 837; x_wconf 87' lang='lat' dir='ltr'><strong>ad</strong></span> <span class='ocrx_word' id='word_1_48' title='bbox 594 773 715 837; x_wconf 89' lang='lat' dir='ltr'><strong>malam</strong></span> <span class='ocrx_word' id='word_1_49' title='bbox 737 773 949 837; x_wconf 86' lang='lat' dir='ltr'><strong>domesticam</strong></span> <span class='ocrx_word' id='word_1_50' title='bbox 972 772 1101 856; x_wconf 89' lang='lat' dir='ltr'><strong>discipli·</strong></span> 
     </span>
     <span class='ocr_line' id='line_1_8' title="bbox 103 860 1101 945; baseline 0.001 -21"><span class='ocrx_word' id='word_1_51' title='bbox 103 883 180 926; x_wconf 87' lang='lat' dir='ltr'><strong>nam</strong></span> <span class='ocrx_word' id='word_1_52' title='bbox 209 862 370 945; x_wconf 87' lang='lat' dir='ltr'><strong>vitamque</strong></span> <span class='ocrx_word' id='word_1_53' title='bbox 402 861 609 925; x_wconf 76' lang='lat' dir='ltr'><strong>umbratilem</strong></span> <span class='ocrx_word' id='word_1_54' title='bbox 638 865 671 925; x_wconf 93' lang='lat' dir='ltr'><strong>et</strong></span> <span class='ocrx_word' id='word_1_55' title='bbox 700 860 873 925; x_wconf 77' lang='lat' dir='ltr'><strong>delicatam</strong></span> <span class='ocrx_word' id='word_1_56' title='bbox 902 881 978 924; x_wconf 89' lang='lat' dir='ltr'><strong>cum</strong></span> <span class='ocrx_word' id='word_1_57' title='bbox 1008 881 1101 925; x_wconf 89' lang='lat' dir='ltr'><strong>acces·</strong></span> 
     </span>
     <span class='ocr_line' id='line_1_9' title="bbox 103 947 1103 1031; baseline -0.001 -19"><span class='ocrx_word' id='word_1_58' title='bbox 103 953 216 1014; x_wconf 87' lang='lat' dir='ltr'><strong>serunt</strong></span> <span class='ocrx_word' id='word_1_59' title='bbox 247 949 346 1013; x_wconf 90' lang='lat' dir='ltr'><strong>ctiam</strong></span> <span class='ocrx_word' id='word_1_60' title='bbox 377 952 505 1031; x_wconf 71' lang='lat' dir='ltr'><strong>poetae,</strong></span> <span class='ocrx_word' id='word_1_61' title='bbox 536 969 651 1012; x_wconf 84' lang='lat' dir='ltr'><strong>nervos</strong></span> <span class='ocrx_word' id='word_1_62' title='bbox 680 948 785 1012; x_wconf 90' lang='lat' dir='ltr'><strong>omnis</strong></span> <span class='ocrx_word' id='word_1_63' title='bbox 812 947 945 1012; x_wconf 69' lang='lat' dir='ltr'><strong>intutis</strong></span> <span class='ocrx_word' id='word_1_64' title='bbox 979 948 1103 1013; x_wconf 89' lang='lat' dir='ltr'><strong>elidunt</strong></span> 
     </span>
     <span class='ocr_line' id='line_1_10' title="bbox 102 1034 1102 1120; baseline 0.001 -20"><span class='ocrx_word' id='word_1_65' title='bbox 102 1036 202 1100; x_wconf 86' lang='lat' dir='ltr'><strong>Recte</strong></span> <span class='ocrx_word' id='word_1_66' title='bbox 224 1036 324 1120; x_wconf 87' lang='lat' dir='ltr'><strong>igitur</strong></span> <span class='ocrx_word' id='word_1_67' title='bbox 346 1059 366 1099; x_wconf 88' lang='lat' dir='ltr'><strong>a</strong></span> <span class='ocrx_word' id='word_1_68' title='bbox 383 1035 520 1100; x_wconf 90' lang='lat' dir='ltr'><strong>Platone</strong></span> <span class='ocrx_word' id='word_1_69' title='bbox 542 1035 703 1100; x_wconf 89' lang='lat' dir='ltr'><strong>eiciuntur</strong></span> <span class='ocrx_word' id='word_1_70' title='bbox 724 1057 763 1099; x_wconf 88' lang='lat' dir='ltr'><strong>ex</strong></span> <span class='ocrx_word' id='word_1_71' title='bbox 785 1055 824 1098; x_wconf 89' lang='lat' dir='ltr'><strong>ea</strong></span> <span class='ocrx_word' id='word_1_72' title='bbox 846 1034 993 1118; x_wconf 79' lang='lat' dir='ltr'><strong>civitate,</strong></span> <span class='ocrx_word' id='word_1_73' title='bbox 1016 1056 1102 1120; x_wconf 85' lang='lat' dir='ltr'><strong>quan</strong></span> 
     </span>
     <span class='ocr_line' id='line_1_11' title="bbox 102 1122 1131 1206; baseline -0.003 -19"><span class='ocrx_word' id='word_1_74' title='bbox 102 1125 197 1188; x_wconf 81' lang='lat' dir='ltr'><strong>finxit</strong></span> <span class='ocrx_word' id='word_1_75' title='bbox 213 1124 279 1203; x_wconf 90' lang='lat' dir='ltr'><strong>ille,</strong></span> <span class='ocrx_word' id='word_1_76' title='bbox 297 1144 369 1186; x_wconf 91' lang='lat' dir='ltr'><strong>cum</strong></span> <span class='ocrx_word' id='word_1_77' title='bbox 388 1122 529 1206; x_wconf 90' lang='lat' dir='ltr'><strong>optimos</strong></span> <span class='ocrx_word' id='word_1_78' title='bbox 548 1143 653 1188; x_wconf 87' lang='lat' dir='ltr'><strong>mores</strong></span> <span class='ocrx_word' id='word_1_79' title='bbox 671 1125 704 1186; x_wconf 86' lang='lat' dir='ltr'><strong>et</strong></span> <span class='ocrx_word' id='word_1_80' title='bbox 722 1123 885 1206; x_wconf 91' lang='lat' dir='ltr'><strong>optimum</strong></span> <span class='ocrx_word' id='word_1_81' title='bbox 896 1123 947 1187; x_wconf 89' lang='lat' dir='ltr'><strong>rei</strong></span> <span class='ocrx_word' id='word_1_82' title='bbox 963 1123 1131 1205; x_wconf 74' lang='lat' dir='ltr'><strong>publiccco</strong></span> 
     </span>
     <span class='ocr_line' id='line_1_12' title="bbox 103 1209 1103 1293; baseline 0.001 -19"><span class='ocrx_word' id='word_1_83' title='bbox 103 1214 225 1275; x_wconf 88' lang='lat' dir='ltr'><strong>statum</strong></span> <span class='ocrx_word' id='word_1_84' title='bbox 239 1211 428 1293; x_wconf 74' lang='lat' dir='ltr'><strong>exquireret.</strong></span> <span class='ocrx_word' id='word_1_85' title='bbox 454 1209 501 1288; x_wconf 83' lang='lat' dir='ltr'><strong>At</strong></span> <span class='ocrx_word' id='word_1_86' title='bbox 513 1231 591 1275; x_wconf 84' lang='lat' dir='ltr'><strong>vero</strong></span> <span class='ocrx_word' id='word_1_87' title='bbox 605 1232 675 1293; x_wconf 89' lang='lat' dir='ltr'><strong>nos,</strong></span> <span class='ocrx_word' id='word_1_88' title='bbox 690 1209 777 1274; x_wconf 89' lang='lat' dir='ltr'><strong>docti</strong></span> <span class='ocrx_word' id='word_1_89' title='bbox 791 1209 919 1275; x_wconf 87' lang='lat' dir='ltr'><strong>scilicet</strong></span> <span class='ocrx_word' id='word_1_90' title='bbox 932 1232 953 1274; x_wconf 93' lang='lat' dir='ltr'><strong>a</strong></span> <span class='ocrx_word' id='word_1_91' title='bbox 967 1209 1103 1292; x_wconf 81' lang='lat' dir='ltr'><strong>Graecia,</strong></span> 
     </span>
     <span class='ocr_line' id='line_1_13' title="bbox 102 1297 1103 1380; baseline 0.001 -19"><span class='ocrx_word' id='word_1_92' title='bbox 102 1298 181 1361; x_wconf 90' lang='lat' dir='ltr'><strong>haec</strong></span> <span class='ocrx_word' id='word_1_93' title='bbox 196 1318 215 1360; x_wconf 92' lang='lat' dir='ltr'><strong>a</strong></span> <span class='ocrx_word' id='word_1_94' title='bbox 228 1297 367 1380; x_wconf 90' lang='lat' dir='ltr'><strong>pueritia</strong></span> <span class='ocrx_word' id='word_1_95' title='bbox 385 1298 524 1380; x_wconf 82' lang='lat' dir='ltr'><strong>legimus</strong></span> <span class='ocrx_word' id='word_1_96' title='bbox 543 1301 577 1362; x_wconf 91' lang='lat' dir='ltr'><strong>et</strong></span> <span class='ocrx_word' id='word_1_97' title='bbox 593 1297 775 1380; x_wconf 87' lang='lat' dir='ltr'><strong>ediscimus,</strong></span> <span class='ocrx_word' id='word_1_98' title='bbox 794 1297 878 1362; x_wconf 89' lang='lat' dir='ltr'><strong>hanc</strong></span> <span class='ocrx_word' id='word_1_99' title='bbox 897 1297 1103 1364; x_wconf 71' lang='lat' dir='ltr'><strong>ermb‘m&#39;cnen</strong></span> 
     </span>
    </p>

    <p class='ocr_par' dir='ltr' id='par_1_3' title="bbox 52 1384 1096 1506">
     <span class='ocr_line' id='line_1_14' title="bbox 52 1384 1096 1506; baseline -0.004 -55"><span class='ocrx_word' id='word_1_100' title='bbox 52 1384 270 1506; x_wconf 76' lang='lat' dir='ltr'><strong>12liberalem</strong></span> <span class='ocrx_word' id='word_1_101' title='bbox 293 1387 326 1485; x_wconf 85' lang='lat' dir='ltr'><strong>et</strong></span> <span class='ocrx_word' id='word_1_102' title='bbox 347 1384 530 1489; x_wconf 62' lang='lat' dir='ltr'><strong>doctrinam</strong></span> <span class='ocrx_word' id='word_1_103' title='bbox 551 1387 710 1485; x_wconf 72' lang='lat' dir='ltr'><strong>putamus,</strong></span> <span class='ocrx_word' id='word_1_104' title='bbox 808 1473 814 1486; x_wconf 35' lang='lat'>⁸</span> <span class='ocrx_word' id='word_1_105' title='bbox 890 1473 897 1485; x_wconf 92' lang='lat'><strong>.</strong></span> <span class='ocrx_word' id='word_1_106' title='bbox 1036 1474 1043 1486; x_wconf 38' lang='lat'>&#39;</span> <span class='ocrx_word' id='word_1_107' title='bbox 1090 1472 1096 1486; x_wconf 34' lang='grc' dir='ltr'>Ι</span> 
     </span>
    </p>

    <p class='ocr_par' dir='ltr' id='par_1_4' title="bbox 54 1470 1133 2849">
     <span class='ocr_line' id='line_1_15' title="bbox 54 1470 1132 1644; baseline 0 -22"><span class='ocrx_word' id='word_1_108' title='bbox 54 1521 88 1569; x_wconf 66' lang='lat'><strong>2⁸</strong></span> <span class='ocrx_word' id='word_1_109' title='bbox 101 1470 1132 1644; x_wconf 48' lang='lat' dir='ltr'><strong>&amp;murt</strong></span> 
     </span>
     <span class='ocr_line' id='line_1_16' title="bbox 101 1647 1104 1731; baseline -0.001 -19"><span class='ocrx_word' id='word_1_110' title='bbox 101 1648 252 1713; x_wconf 78' lang='lat' dir='ltr'><strong>dicerent</strong></span> <span class='ocrx_word' id='word_1_111' title='bbox 296 1647 343 1712; x_wconf 85' lang='lat' dir='ltr'><strong>At</strong></span> <span class='ocrx_word' id='word_1_112' title='bbox 364 1651 414 1731; x_wconf 86' lang='lat' dir='ltr'><strong>tu,</strong></span> <span class='ocrx_word' id='word_1_113' title='bbox 442 1647 644 1729; x_wconf 84' lang='lat' dir='ltr'><strong>adulescens,</strong></span> <span class='ocrx_word' id='word_1_114' title='bbox 670 1669 742 1713; x_wconf 90' lang='lat' dir='ltr'><strong>cum</strong></span> <span class='ocrx_word' id='word_1_115' title='bbox 769 1647 803 1711; x_wconf 93' lang='lat' dir='ltr'><strong>id</strong></span> <span class='ocrx_word' id='word_1_116' title='bbox 824 1647 886 1712; x_wconf 88' lang='lat' dir='ltr'><strong>tibi</strong></span> <span class='ocrx_word' id='word_1_117' title='bbox 913 1649 1015 1731; x_wconf 87' lang='lat' dir='ltr'><strong>paulo</strong></span> <span class='ocrx_word' id='word_1_118' title='bbox 1038 1651 1104 1712; x_wconf 85' lang='lat' dir='ltr'><strong>ante</strong></span> 
     </span>
     <span class='ocr_line' id='line_1_17' title="bbox 102 1734 1104 1820; baseline -0.002 -20"><span class='ocrx_word' id='word_1_119' title='bbox 102 1736 237 1800; x_wconf 86' lang='lat' dir='ltr'><strong>dixisses</strong></span> <span class='ocrx_word' id='word_1_120' title='bbox 265 1734 378 1818; x_wconf 89' lang='lat' dir='ltr'><strong>videri,</strong></span> <span class='ocrx_word' id='word_1_121' title='bbox 409 1738 543 1820; x_wconf 86' lang='lat' dir='ltr'><strong>rogatus</strong></span> <span class='ocrx_word' id='word_1_122' title='bbox 572 1757 592 1798; x_wconf 93' lang='lat' dir='ltr'><strong>a</strong></span> <span class='ocrx_word' id='word_1_123' title='bbox 619 1757 683 1818; x_wconf 89' lang='lat' dir='ltr'><strong>me,</strong></span> <span class='ocrx_word' id='word_1_124' title='bbox 710 1736 848 1800; x_wconf 82' lang='lat' dir='ltr'><strong>etiamne</strong></span> <span class='ocrx_word' id='word_1_125' title='bbox 877 1736 985 1800; x_wconf 90' lang='lat' dir='ltr'><strong>maius</strong></span> <span class='ocrx_word' id='word_1_126' title='bbox 1018 1755 1104 1820; x_wconf 86' lang='lat' dir='ltr'><strong>quam</strong></span> 
     </span>
     <span class='ocr_line' id='line_1_18' title="bbox 102 1821 1104 1907; baseline 0 -19"><span class='ocrx_word' id='word_1_127' title='bbox 102 1824 251 1905; x_wconf 87' lang='lat' dir='ltr'><strong>dedecus,</strong></span> <span class='ocrx_word' id='word_1_128' title='bbox 274 1823 371 1887; x_wconf 89' lang='lat' dir='ltr'><strong>verbo</strong></span> <span class='ocrx_word' id='word_1_129' title='bbox 395 1822 434 1887; x_wconf 93' lang='lat' dir='ltr'><strong>de</strong></span> <span class='ocrx_word' id='word_1_130' title='bbox 452 1823 614 1887; x_wconf 88' lang='lat' dir='ltr'><strong>sententia</strong></span> <span class='ocrx_word' id='word_1_131' title='bbox 635 1823 798 1887; x_wconf 82' lang='lat' dir='ltr'><strong>destitisti.</strong></span> <span class='ocrx_word' id='word_1_132' title='bbox 832 1821 928 1907; x_wconf 78' lang='lat' dir='ltr'><strong>Roga</strong></span> <span class='ocrx_word' id='word_1_133' title='bbox 945 1822 1012 1888; x_wconf 88' lang='lat' dir='ltr'><strong>hoe</strong></span> <span class='ocrx_word' id='word_1_134' title='bbox 1029 1823 1104 1888; x_wconf 81' lang='lat' dir='ltr'><strong>idem</strong></span> 
     </span>
     <span class='ocr_line' id='line_1_19' title="bbox 101 1910 1106 1994; baseline 0.001 -19"><span class='ocrx_word' id='word_1_135' title='bbox 101 1910 292 1994; x_wconf 66' lang='lat' dir='ltr'><strong>Epicurum</strong></span> <span class='ocrx_word' id='word_1_136' title='bbox 309 1912 413 1975; x_wconf 87' lang='lat' dir='ltr'><strong>maius</strong></span> <span class='ocrx_word' id='word_1_137' title='bbox 430 1911 515 1975; x_wconf 90' lang='lat' dir='ltr'><strong>dicet</strong></span> <span class='ocrx_word' id='word_1_138' title='bbox 532 1931 602 1976; x_wconf 92' lang='lat' dir='ltr'><strong>esse</strong></span> <span class='ocrx_word' id='word_1_139' title='bbox 617 1911 739 1974; x_wconf 89' lang='lat' dir='ltr'><strong>malum</strong></span> <span class='ocrx_word' id='word_1_140' title='bbox 753 1910 949 1975; x_wconf 82' lang='lat' dir='ltr'><strong>mediocrem</strong></span> <span class='ocrx_word' id='word_1_141' title='bbox 966 1910 1106 1976; x_wconf 82' lang='lat' dir='ltr'><strong>dolorem</strong></span> 
     </span>
     <span class='ocr_line' id='line_1_20' title="bbox 102 1996 1133 2083; baseline -0.003 -21"><span class='ocrx_word' id='word_1_142' title='bbox 102 2020 201 2083; x_wconf 90' lang='lat' dir='ltr'><strong>quam</strong></span> <span class='ocrx_word' id='word_1_143' title='bbox 217 2020 403 2063; x_wconf 82' lang='lat' dir='ltr'><strong>maxumum</strong></span> <span class='ocrx_word' id='word_1_144' title='bbox 425 1998 576 2080; x_wconf 81' lang='lat' dir='ltr'><strong>dedecus3</strong></span> <span class='ocrx_word' id='word_1_145' title='bbox 600 1999 636 2063; x_wconf 94' lang='lat' dir='ltr'><strong>in</strong></span> <span class='ocrx_word' id='word_1_146' title='bbox 657 1999 729 2082; x_wconf 87' lang='lat' dir='ltr'><strong>ipsc</strong></span> <span class='ocrx_word' id='word_1_147' title='bbox 749 1999 834 2063; x_wconf 84' lang='lat' dir='ltr'><strong>eninr</strong></span> <span class='ocrx_word' id='word_1_148' title='bbox 857 1997 1015 2063; x_wconf 88' lang='lat' dir='ltr'><strong>dedecore</strong></span> <span class='ocrx_word' id='word_1_149' title='bbox 1035 1996 1133 2063; x_wconf 79' lang='lat' dir='ltr'><strong>malis</strong></span> 
     </span>
     <span class='ocr_line' id='line_1_21' title="bbox 101 2084 1105 2170; baseline -0.001 -20"><span class='ocrx_word' id='word_1_150' title='bbox 101 2085 185 2149; x_wconf 84' lang='lat' dir='ltr'><strong>nihil</strong></span> <span class='ocrx_word' id='word_1_151' title='bbox 214 2107 296 2168; x_wconf 85' lang='lat' dir='ltr'><strong>esse,</strong></span> <span class='ocrx_word' id='word_1_152' title='bbox 322 2087 385 2150; x_wconf 89' lang='lat' dir='ltr'><strong>nisi</strong></span> <span class='ocrx_word' id='word_1_153' title='bbox 413 2089 587 2170; x_wconf 88' lang='lat' dir='ltr'><strong>sequantur</strong></span> <span class='ocrx_word' id='word_1_154' title='bbox 614 2085 749 2151; x_wconf 87' lang='lat' dir='ltr'><strong>dolores.</strong></span> <span class='ocrx_word' id='word_1_155' title='bbox 799 2085 878 2161; x_wconf 76' lang='lat' dir='ltr'><strong>Quis</strong></span> <span class='ocrx_word' id='word_1_156' title='bbox 907 2085 1015 2170; x_wconf 78' lang='lat' dir='ltr'><strong>igitur</strong></span> <span class='ocrx_word' id='word_1_157' title='bbox 1036 2084 1105 2170; x_wconf 76' lang='lat' dir='ltr'><strong>Epi·</strong></span> 
     </span>
     <span class='ocr_line' id='line_1_22' title="bbox 101 2172 1104 2257; baseline 0 -21"><span class='ocrx_word' id='word_1_158' title='bbox 101 2194 214 2237; x_wconf 89' lang='lat' dir='ltr'><strong>curum</strong></span> <span class='ocrx_word' id='word_1_159' title='bbox 233 2173 376 2255; x_wconf 91' lang='lat' dir='ltr'><strong>sequitur</strong></span> <span class='ocrx_word' id='word_1_160' title='bbox 394 2173 500 2255; x_wconf 90' lang='lat' dir='ltr'><strong>dolor,</strong></span> <span class='ocrx_word' id='word_1_161' title='bbox 524 2195 595 2237; x_wconf 91' lang='lat' dir='ltr'><strong>cum</strong></span> <span class='ocrx_word' id='word_1_162' title='bbox 619 2174 681 2238; x_wconf 91' lang='lat' dir='ltr'><strong>hoc</strong></span> <span class='ocrx_word' id='word_1_163' title='bbox 703 2174 810 2257; x_wconf 87' lang='lat' dir='ltr'><strong>ipsum</strong></span> <span class='ocrx_word' id='word_1_164' title='bbox 833 2172 926 2256; x_wconf 88' lang='lat' dir='ltr'><strong>dicit,</strong></span> <span class='ocrx_word' id='word_1_165' title='bbox 949 2193 1104 2239; x_wconf 88' lang='lat' dir='ltr'><strong>summum</strong></span> 
     </span>
     <span class='ocr_line' id='line_1_23' title="bbox 101 2260 1103 2346; baseline 0 -23"><span class='ocrx_word' id='word_1_166' title='bbox 101 2261 224 2324; x_wconf 86' lang='lat' dir='ltr'><strong>malum</strong></span> <span class='ocrx_word' id='word_1_167' title='bbox 252 2281 323 2324; x_wconf 86' lang='lat' dir='ltr'><strong>esse</strong></span> <span class='ocrx_word' id='word_1_168' title='bbox 350 2260 515 2325; x_wconf 80' lang='lat' dir='ltr'><strong>dolorem?</strong></span> <span class='ocrx_word' id='word_1_169' title='bbox 554 2282 617 2345; x_wconf 91' lang='lat' dir='ltr'><strong>quo</strong></span> <span class='ocrx_word' id='word_1_170' title='bbox 649 2260 785 2326; x_wconf 88' lang='lat' dir='ltr'><strong>dedecus</strong></span> <span class='ocrx_word' id='word_1_171' title='bbox 816 2261 920 2325; x_wconf 89' lang='lat' dir='ltr'><strong>maius</strong></span> <span class='ocrx_word' id='word_1_172' title='bbox 954 2282 975 2325; x_wconf 89' lang='lat' dir='ltr'><strong>a</strong></span> <span class='ocrx_word' id='word_1_173' title='bbox 1007 2261 1103 2346; x_wconf 77' lang='lat' dir='ltr'><strong>philo</strong></span> 
     </span>
     <span class='ocr_line' id='line_1_24' title="bbox 103 2346 1104 2432; baseline 0.002 -21"><span class='ocrx_word' id='word_1_174' title='bbox 103 2346 205 2430; x_wconf 90' lang='lat' dir='ltr'><strong>sopho</strong></span> <span class='ocrx_word' id='word_1_175' title='bbox 227 2348 353 2411; x_wconf 88' lang='lat' dir='ltr'><strong>nullum</strong></span> <span class='ocrx_word' id='word_1_176' title='bbox 375 2351 518 2431; x_wconf 84' lang='lat' dir='ltr'><strong>expecto.</strong></span> <span class='ocrx_word' id='word_1_177' title='bbox 555 2347 661 2423; x_wconf 79' lang='lat' dir='ltr'><strong>Quare</strong></span> <span class='ocrx_word' id='word_1_178' title='bbox 682 2349 761 2412; x_wconf 84' lang='lat' dir='ltr'><strong>satis</strong></span> <span class='ocrx_word' id='word_1_179' title='bbox 780 2348 861 2412; x_wconf 88' lang='lat' dir='ltr'><strong>mibi</strong></span> <span class='ocrx_word' id='word_1_180' title='bbox 882 2347 1020 2432; x_wconf 81' lang='lat' dir='ltr'><strong>dedisti,</strong></span> <span class='ocrx_word' id='word_1_181' title='bbox 1040 2366 1104 2414; x_wconf 88' lang='lat' dir='ltr'><strong>cum</strong></span> 
     </span>
     <span class='ocr_line' id='line_1_25' title="bbox 101 2434 1131 2519; baseline -0.001 -21"><span class='ocrx_word' id='word_1_182' title='bbox 101 2434 295 2518; x_wconf 87' lang='lat' dir='ltr'><strong>respondisti</strong></span> <span class='ocrx_word' id='word_1_183' title='bbox 314 2435 418 2500; x_wconf 87' lang='lat' dir='ltr'><strong>maius</strong></span> <span class='ocrx_word' id='word_1_184' title='bbox 441 2436 502 2500; x_wconf 92' lang='lat' dir='ltr'><strong>tibi</strong></span> <span class='ocrx_word' id='word_1_185' title='bbox 519 2435 619 2500; x_wconf 87' lang='lat' dir='ltr'><strong>videri</strong></span> <span class='ocrx_word' id='word_1_186' title='bbox 643 2436 764 2499; x_wconf 89' lang='lat' dir='ltr'><strong>malum</strong></span> <span class='ocrx_word' id='word_1_187' title='bbox 783 2435 918 2500; x_wconf 86' lang='lat' dir='ltr'><strong>dedecus</strong></span> <span class='ocrx_word' id='word_1_188' title='bbox 937 2456 1038 2519; x_wconf 81' lang='lat' dir='ltr'><strong>quam</strong></span> <span class='ocrx_word' id='word_1_189' title='bbox 1058 2435 1131 2499; x_wconf 77' lang='lat' dir='ltr'><strong>dos</strong></span> 
     </span>
     <span class='ocr_line' id='line_1_26' title="bbox 101 2521 1103 2608; baseline 0 -23"><span class='ocrx_word' id='word_1_190' title='bbox 101 2522 211 2588; x_wconf 89' lang='lat' dir='ltr'><strong>lorem.</strong></span> <span class='ocrx_word' id='word_1_191' title='bbox 256 2521 328 2589; x_wconf 88' lang='lat' dir='ltr'><strong>Hoc</strong></span> <span class='ocrx_word' id='word_1_192' title='bbox 350 2524 458 2606; x_wconf 87' lang='lat' dir='ltr'><strong>ipsum</strong></span> <span class='ocrx_word' id='word_1_193' title='bbox 481 2523 567 2587; x_wconf 88' lang='lat' dir='ltr'><strong>enim</strong></span> <span class='ocrx_word' id='word_1_194' title='bbox 590 2523 620 2587; x_wconf 91' lang='lat' dir='ltr'><strong>si</strong></span> <span class='ocrx_word' id='word_1_195' title='bbox 640 2523 781 2605; x_wconf 87' lang='lat' dir='ltr'><strong>tenebis,</strong></span> <span class='ocrx_word' id='word_1_196' title='bbox 807 2523 993 2607; x_wconf 78' lang='lat' dir='ltr'><strong>intelleges,</strong></span> <span class='ocrx_word' id='word_1_197' title='bbox 1016 2543 1103 2608; x_wconf 81' lang='lat' dir='ltr'><strong>quam</strong></span> 
     </span>
     <span class='ocr_line' id='line_1_27' title="bbox 102 2609 1104 2694; baseline 0 -20"><span class='ocrx_word' id='word_1_198' title='bbox 102 2611 146 2674; x_wconf 92' lang='lat' dir='ltr'><strong>sit</strong></span> <span class='ocrx_word' id='word_1_199' title='bbox 164 2611 386 2675; x_wconf 90' lang='lat' dir='ltr'><strong>obsistendum</strong></span> <span class='ocrx_word' id='word_1_200' title='bbox 404 2609 521 2693; x_wconf 79' lang='lat' dir='ltr'><strong>dolori3</strong></span> <span class='ocrx_word' id='word_1_201' title='bbox 540 2632 598 2675; x_wconf 91' lang='lat' dir='ltr'><strong>nec</strong></span> <span class='ocrx_word' id='word_1_202' title='bbox 615 2614 685 2674; x_wconf 88' lang='lat' dir='ltr'><strong>tam</strong></span> <span class='ocrx_word' id='word_1_203' title='bbox 703 2611 922 2694; x_wconf 85' lang='lat' dir='ltr'><strong>quaerendam</strong></span> <span class='ocrx_word' id='word_1_204' title='bbox 940 2615 1004 2694; x_wconf 86' lang='lat' dir='ltr'><strong>est,</strong></span> <span class='ocrx_word' id='word_1_205' title='bbox 1020 2610 1104 2677; x_wconf 84' lang='lat' dir='ltr'><strong>dolor</strong></span> 
     </span>
     <span class='ocr_line' id='line_1_28' title="bbox 102 2697 1103 2849; baseline -0.001 -88"><span class='ocrx_word' id='word_1_206' title='bbox 102 2699 264 2849; x_wconf 43' lang='lat' dir='ltr'><strong>rfnalurgms</strong></span> <span class='ocrx_word' id='word_1_207' title='bbox 300 2699 356 2780; x_wconf 91' lang='lat' dir='ltr'><strong>sit,</strong></span> <span class='ocrx_word' id='word_1_208' title='bbox 393 2720 489 2781; x_wconf 87' lang='lat' dir='ltr'><strong>quam</strong></span> <span class='ocrx_word' id='word_1_209' title='bbox 521 2699 696 2763; x_wconf 85' lang='lat' dir='ltr'><strong>firmandus</strong></span> <span class='ocrx_word' id='word_1_210' title='bbox 733 2698 859 2762; x_wconf 86' lang='lat' dir='ltr'><strong>animus</strong></span> <span class='ocrx_word' id='word_1_211' title='bbox 892 2697 934 2762; x_wconf 83' lang='lat' dir='ltr'><strong>ad</strong></span> <span class='ocrx_word' id='word_1_212' title='bbox 965 2697 1103 2765; x_wconf 90' lang='lat' dir='ltr'><strong>dolorem</strong></span> 
     </span>
     <span class='ocr_line' id='line_1_29' title="bbox 117 2805 278 2849; baseline 0 -1"><span class='ocrx_word' id='word_1_213' title='bbox 117 2805 194 2848; x_wconf 89' lang='lat' dir='ltr'><strong>eren</strong></span> <span class='ocrx_word' id='word_1_214' title='bbox 216 2807 278 2849; x_wconf 89' lang='lat' dir='ltr'><strong>um.</strong></span> 
     </span>
    </p>

    <p class='ocr_par' dir='ltr' id='par_1_5' title="bbox 49 2870 1131 3570">
     <span class='ocr_line' id='line_1_30' title="bbox 49 2870 1131 2956; baseline -0.01 -14"><span class='ocrx_word' id='word_1_215' title='bbox 49 2893 84 2942; x_wconf 72' lang='lat'><strong>29</strong></span> <span class='ocrx_word' id='word_1_216' title='bbox 171 2870 372 2937; x_wconf 74' lang='lat' dir='ltr'><strong>Concludunt</strong></span> <span class='ocrx_word' id='word_1_217' title='bbox 393 2873 591 2938; x_wconf 81' lang='lat' dir='ltr'><strong>ratiunculas</strong></span> <span class='ocrx_word' id='word_1_218' title='bbox 611 2871 725 2956; x_wconf 82' lang='lat' dir='ltr'><strong>Stoici,</strong></span> <span class='ocrx_word' id='word_1_219' title='bbox 747 2894 802 2938; x_wconf 88' lang='lat' dir='ltr'><strong>cur</strong></span> <span class='ocrx_word' id='word_1_220' title='bbox 819 2894 886 2937; x_wconf 90' lang='lat' dir='ltr'><strong>non</strong></span> <span class='ocrx_word' id='word_1_221' title='bbox 908 2873 953 2937; x_wconf 89' lang='lat' dir='ltr'><strong>sit</strong></span> <span class='ocrx_word' id='word_1_222' title='bbox 975 2875 1131 2955; x_wconf 60' lang='lat' dir='ltr'><strong>malnmrr</strong></span> 
     </span>
     <span class='ocr_line' id='line_1_31' title="bbox 102 2959 1104 3044; baseline 0.005 -22"><span class='ocrx_word' id='word_1_223' title='bbox 102 2959 195 3042; x_wconf 87' lang='lat' dir='ltr'><strong>quasi</strong></span> <span class='ocrx_word' id='word_1_224' title='bbox 211 2959 251 3022; x_wconf 94' lang='lat' dir='ltr'><strong>de</strong></span> <span class='ocrx_word' id='word_1_225' title='bbox 269 2959 377 3042; x_wconf 86' lang='lat' dir='ltr'><strong>verbe,</strong></span> <span class='ocrx_word' id='word_1_226' title='bbox 398 2981 465 3025; x_wconf 90' lang='lat' dir='ltr'><strong>non</strong></span> <span class='ocrx_word' id='word_1_227' title='bbox 483 2960 522 3024; x_wconf 88' lang='lat' dir='ltr'><strong>de</strong></span> <span class='ocrx_word' id='word_1_228' title='bbox 540 2982 574 3024; x_wconf 91' lang='lat' dir='ltr'><strong>re</strong></span> <span class='ocrx_word' id='word_1_229' title='bbox 593 2961 766 3025; x_wconf 87' lang='lat' dir='ltr'><strong>laboretur.</strong></span> <span class='ocrx_word' id='word_1_230' title='bbox 806 2959 889 3036; x_wconf 84' lang='lat' dir='ltr'><strong>Quid</strong></span> <span class='ocrx_word' id='word_1_231' title='bbox 908 2982 960 3024; x_wconf 91' lang='lat' dir='ltr'><strong>me</strong></span> <span class='ocrx_word' id='word_1_232' title='bbox 980 2959 1104 3044; x_wconf 60' lang='lat' dir='ltr'><strong>decipis</strong></span> 
     </span>
     <span class='ocr_line' id='line_1_32' title="bbox 103 3045 1102 3131; baseline 0 -22"><span class='ocrx_word' id='word_1_233' title='bbox 103 3045 210 3110; x_wconf 84' lang='lat' dir='ltr'><strong>Zeno?</strong></span> <span class='ocrx_word' id='word_1_234' title='bbox 251 3045 337 3110; x_wconf 91' lang='lat' dir='ltr'><strong>Nam</strong></span> <span class='ocrx_word' id='word_1_235' title='bbox 360 3067 432 3110; x_wconf 89' lang='lat' dir='ltr'><strong>eum</strong></span> <span class='ocrx_word' id='word_1_236' title='bbox 454 3047 505 3130; x_wconf 90' lang='lat' dir='ltr'><strong>id,</strong></span> <span class='ocrx_word' id='word_1_237' title='bbox 526 3048 613 3131; x_wconf 86' lang='lat' dir='ltr'><strong>quod</strong></span> <span class='ocrx_word' id='word_1_238' title='bbox 634 3047 716 3112; x_wconf 90' lang='lat' dir='ltr'><strong>mihi</strong></span> <span class='ocrx_word' id='word_1_239' title='bbox 737 3047 893 3113; x_wconf 86' lang='lat' dir='ltr'><strong>horribile</strong></span> <span class='ocrx_word' id='word_1_240' title='bbox 915 3047 1052 3131; x_wconf 80' lang='lat' dir='ltr'><strong>videtur,</strong></span> <span class='ocrx_word' id='word_1_241' title='bbox 1070 3049 1102 3109; x_wconf 87' lang='lat' dir='ltr'><strong>tu</strong></span> 
     </span>
     <span class='ocr_line' id='line_1_33' title="bbox 102 3133 1101 3219; baseline -0.002 -21"><span class='ocrx_word' id='word_1_242' title='bbox 102 3133 231 3198; x_wconf 86' lang='lat' dir='ltr'><strong>omnino</strong></span> <span class='ocrx_word' id='word_1_243' title='bbox 255 3133 377 3197; x_wconf 88' lang='lat' dir='ltr'><strong>malum</strong></span> <span class='ocrx_word' id='word_1_244' title='bbox 398 3154 499 3218; x_wconf 82' lang='lat' dir='ltr'><strong>negas</strong></span> <span class='ocrx_word' id='word_1_245' title='bbox 522 3157 609 3219; x_wconf 91' lang='lat' dir='ltr'><strong>esse,</strong></span> <span class='ocrx_word' id='word_1_246' title='bbox 629 3135 739 3219; x_wconf 87' lang='lat' dir='ltr'><strong>capior</strong></span> <span class='ocrx_word' id='word_1_247' title='bbox 763 3139 795 3199; x_wconf 88' lang='lat' dir='ltr'><strong>ot</strong></span> <span class='ocrx_word' id='word_1_248' title='bbox 812 3135 893 3199; x_wconf 89' lang='lat' dir='ltr'><strong>scire</strong></span> <span class='ocrx_word' id='word_1_249' title='bbox 914 3136 1026 3219; x_wconf 84' lang='lat' dir='ltr'><strong>cupio,</strong></span> <span class='ocrx_word' id='word_1_250' title='bbox 1046 3153 1101 3217; x_wconf 91' lang='lat' dir='ltr'><strong>quo</strong></span> 
     </span>
     <span class='ocr_line' id='line_1_34' title="bbox 101 3220 1102 3306; baseline 0.001 -22"><span class='ocrx_word' id='word_1_251' title='bbox 101 3221 199 3287; x_wconf 90' lang='lat' dir='ltr'><strong>modo</strong></span> <span class='ocrx_word' id='word_1_252' title='bbox 219 3220 265 3298; x_wconf 87' lang='lat' dir='ltr'><strong>id,</strong></span> <span class='ocrx_word' id='word_1_253' title='bbox 289 3220 372 3304; x_wconf 93' lang='lat' dir='ltr'><strong>quod</strong></span> <span class='ocrx_word' id='word_1_254' title='bbox 392 3241 452 3305; x_wconf 85' lang='lat' dir='ltr'><strong>ego</strong></span> <span class='ocrx_word' id='word_1_255' title='bbox 470 3222 687 3287; x_wconf 88' lang='lat' dir='ltr'><strong>miserrimum</strong></span> <span class='ocrx_word' id='word_1_256' title='bbox 707 3223 905 3306; x_wconf 85' lang='lat' dir='ltr'><strong>existimem,</strong></span> <span class='ocrx_word' id='word_1_257' title='bbox 924 3242 966 3287; x_wconf 81' lang='lat' dir='ltr'><strong>ne</strong></span> <span class='ocrx_word' id='word_1_258' title='bbox 988 3222 1102 3289; x_wconf 80' lang='lat' dir='ltr'><strong>malum</strong></span> 
     </span>
     <span class='ocr_line' id='line_1_35' title="bbox 102 3304 1128 3394; baseline 0.005 -23"><span class='ocrx_word' id='word_1_259' title='bbox 102 3308 229 3392; x_wconf 88' lang='lat' dir='ltr'><strong>quidem</strong></span> <span class='ocrx_word' id='word_1_260' title='bbox 257 3307 309 3372; x_wconf 86' lang='lat' dir='ltr'><strong>sit.</strong></span> <span class='ocrx_word' id='word_1_261' title='bbox 359 3306 467 3372; x_wconf 79' lang='lat' dir='ltr'><strong>‘Nihil</strong></span> <span class='ocrx_word' id='word_1_262' title='bbox 495 3309 576 3392; x_wconf 87' lang='lat' dir='ltr'><strong>est&#39;,</strong></span> <span class='ocrx_word' id='word_1_263' title='bbox 602 3311 722 3394; x_wconf 90' lang='lat' dir='ltr'><strong>inquit,</strong></span> <span class='ocrx_word' id='word_1_264' title='bbox 749 3310 900 3394; x_wconf 64' lang='lat' dir='ltr'><strong>malum,</strong></span> <span class='ocrx_word' id='word_1_265' title='bbox 931 3310 999 3375; x_wconf 90' lang='lat' dir='ltr'><strong>nisi</strong></span> <span class='ocrx_word' id='word_1_266' title='bbox 1024 3304 1128 3393; x_wconf 64' lang='lat' dir='ltr'><strong>qnodt</strong></span> 
     </span>
     <span class='ocr_line' id='line_1_36' title="bbox 101 3392 1101 3492; baseline -0.002 -32"><span class='ocrx_word' id='word_1_267' title='bbox 101 3400 194 3482; x_wconf 87' lang='lat' dir='ltr'><strong>turpe</strong></span> <span class='ocrx_word' id='word_1_268' title='bbox 222 3399 320 3492; x_wconf 71' lang='lat' dir='ltr'><strong>atque</strong></span> <span class='ocrx_word' id='word_1_269' title='bbox 347 3396 501 3461; x_wconf 89' lang='lat' dir='ltr'><strong>vitiosum</strong></span> <span class='ocrx_word' id='word_1_270' title='bbox 527 3396 598 3462; x_wconf 69' lang='lat' dir='ltr'><strong>cst?</strong></span> <span class='ocrx_word' id='word_1_271' title='bbox 642 3397 696 3462; x_wconf 76' lang='lat' dir='ltr'><strong>nd</strong></span> <span class='ocrx_word' id='word_1_272' title='bbox 720 3397 860 3481; x_wconf 83' lang='lat' dir='ltr'><strong>ineptias</strong></span> <span class='ocrx_word' id='word_1_273' title='bbox 884 3397 980 3462; x_wconf 87' lang='lat' dir='ltr'><strong>redis.</strong></span> <span class='ocrx_word' id='word_1_274' title='bbox 1023 3392 1101 3461; x_wconf 86' lang='lat' dir='ltr'><strong>Illud</strong></span> 
     </span>
     <span class='ocr_line' id='line_1_37' title="bbox 101 3481 1100 3570; baseline 0.003 -22"><span class='ocrx_word' id='word_1_275' title='bbox 101 3483 201 3568; x_wconf 86' lang='lat' dir='ltr'><strong>enim,</strong></span> <span class='ocrx_word' id='word_1_276' title='bbox 228 3483 313 3569; x_wconf 89' lang='lat' dir='ltr'><strong>quod</strong></span> <span class='ocrx_word' id='word_1_277' title='bbox 340 3506 392 3549; x_wconf 89' lang='lat' dir='ltr'><strong>me</strong></span> <span class='ocrx_word' id='word_1_278' title='bbox 419 3485 573 3570; x_wconf 81' lang='lat' dir='ltr'><strong>augebat,</strong></span> <span class='ocrx_word' id='word_1_279' title='bbox 600 3505 667 3550; x_wconf 87' lang='lat' dir='ltr'><strong>non</strong></span> <span class='ocrx_word' id='word_1_280' title='bbox 694 3485 816 3550; x_wconf 82' lang='lat' dir='ltr'><strong>eximis.</strong></span> <span class='ocrx_word' id='word_1_281' title='bbox 868 3481 942 3550; x_wconf 82' lang='lat' dir='ltr'><strong>Scio</strong></span> <span class='ocrx_word' id='word_1_282' title='bbox 964 3484 1100 3551; x_wconf 72' lang='lat' dir='ltr'><strong>dolorm</strong></span> 
     </span>
    </p>
   </div>
   <div class='ocr_carea' id='block_1_3' title="bbox 0 0 1182 3870">
    <p class='ocr_par' dir='ltr' id='par_1_6' title="bbox 0 0 1182 3870">
     <span class='ocr_line' id='line_1_38' title="bbox 0 0 1182 3870; baseline 0 0"><span class='ocrx_word' id='word_1_283' title='bbox 0 0 1182 3870; x_wconf 95' lang='lat' dir='ltr'><strong> </strong></span> 
     </span>
    </p>
   </div>
  </div>
 </body>
</html>
