2346 3876
127 162 194 226 434
323 160 620 216 TUSCULANARUM
639 159 947 216 DISPUTATIONUM

127 323 276 405 sentiret3
295 322 500 406 quambene,
518 343 586 387 non
604 322 778 405 quaeritur,
799 325 991 387 constanter
1009 323 1117 407 quiden

127 414 222 477 certe.
275 409 391 495 Itaque
423 410 504 473 mihi
535 410 661 492 placere
692 431 758 474 non
790 411 878 474 solet
910 411 1118 495 consequentia

127 499 373 583 reprehendere,
396 520 467 562 cum
490 498 596 580 prima
618 499 821 562 concesseris.
858 497 924 563 Hic
946 503 1050 564 autem
1071 499 1118 562 ele

127 586 337 672 gantissimus
365 586 508 649 omnium
538 584 807 668 philosophorum
834 590 869 650 et
899 587 1117 655 eruditissimus

126 697 194 740 non
216 694 413 759 magnopere
440 672 697 756 reprehenditur,
724 695 796 738 cum
823 674 889 738 tria
920 696 1038 759 genera
1058 673 1134 738 dicits

127 764 301 846 bonorum,
326 765 461 825 vexatur
490 764 597 825 autem
625 762 666 825 ab
695 762 844 825 omnibus
871 763 1015 845 primum
1042 763 1074 826 in
1091 782 1117 824 eo

126 851 225 935 libro,
248 871 341 934 quem
366 849 495 932 scripsit
481 849 556 912 tde
579 849 648 913 vita
669 849 812 932 beata,
802 871 836 912 rn
860 870 926 933 quo
950 851 1052 915 multa
1071 849 1118 913 dis·

127 959 171 1022 pu
172 942 235 1020 t,at
258 960 355 1022 quam
381 939 421 1001 ob
447 959 514 1001 rem
539 937 582 1021 is,
600 937 655 1020 qui
672 940 876 1021 torqueatur,
895 939 954 1024 qni
973 940 1118 1016 crucietur,

127 1028 202 1091 beat
188 1031 240 1090 tus
268 1047 337 1090 esse
365 1046 431 1090 non
482 1025 571 1089 ossit.
616 1023 655 1088 In
683 1047 721 1090 eo
745 1025 845 1089 etiam
875 1030 1012 1109 putatur
1034 1027 1117 1090 dicere

127 1115 162 1178 in
184 1116 291 1179 rotam
315 1048 571 1196 [11011ἱο11111
575 1112 737 1197 quoddam
762 1115 920 1177 tormenti
940 1115 1025 1199 apud
1042 1114 1118 1179 Grae
1126 1135 1142 1174 u

128 1203 195 1280 cos]
224 1201 354 1264 beatam
381 1201 483 1264 vitam
509 1209 575 1265 non
602 1200 782 1266 escendere.
832 1201 909 1266 Non
937 1225 1072 1287 usquam
1094 1198 1118 1263 id

128 1289 255 1371 quidem
284 1287 363 1352 dicit
390 1288 535 1371 omnino,
563 1288 634 1371 sed,
666 1310 747 1372 quae
779 1289 870 1370 dicit,
902 1289 991 1355 idem
1021 1291 1117 1354 1110111

75 1397 108 1446 ss
127 1375 264 1440 Possum
287 1376 400 1461 igitur,
423 1377 475 1441 cui
497 1378 710 1442 concesserim
737 1378 771 1441 in
793 1376 889 1441 malis
914 1399 985 1442 esse
1012 1379 1117 1443 dolores

129 1465 284 1548 corporis,
306 1466 341 1528 in
358 1465 453 1529 malis
472 1464 642 1549 naufragia
664 1464 828 1548 fortunae,
851 1465 929 1530 huic
953 1483 1118 1532 suscensere

128 1553 246 1617 dicenti
272 1574 339 1617 non
366 1553 471 1618 omnis
499 1554 601 1617 honos
625 1553 845 1637 0110100101,
873 1575 948 1618 cum
974 1555 1011 1619 in
1032 1551 1142 1619 omnisu

127 1641 231 1706 honos
251 1663 302 1724 ea,
326 1662 408 1726 quae
430 1641 486 1705 ille
503 1641 539 1705 in
557 1641 654 1705 malis
672 1645 834 1724 numerat,
857 1641 973 1706 cadere
990 1637 1117 1727 possint?

69 1787 73 1793 .
127 1727 271 1793 Vexatur
290 1729 374 1794 idem
388 1728 629 1812 Theophrastus
644 1732 677 1792 et
694 1729 787 1793 libris
802 1733 836 1793 et
854 1730 977 1795 scholis
994 1731 1119 1795 omnium

127 1817 409 1900 philosophorum,
431 1817 516 1902 quod
535 1817 570 1881 in
588 1814 789 1882 Callisthene
808 1839 867 1882 suo
884 1817 1028 1884 laudarit
1045 1818 1119 1882 illan

128 1907 336 1970 sententiam:

193 2027 324 2092 Vitam
347 2029 456 2150 regit,
469 2029 640 2111 fortuna,
662 2050 738 2093 non
760 2005 967 2121 sapientia
1129 2044 1146 2086 2⁰

127 2166 158 2232 N
161 2171 258 2251 agant
294 2167 334 2232 ab
367 2169 434 2233 ullo
470 2168 666 2252 philosopho
704 2168 875 2252 quicquam
912 2169 1035 2234 dictum
1065 2185 1121 2232 esse

127 2253 322 2338 languidius.
367 2255 467 2321 Recte
489 2257 522 2320 id
546 2257 688 2340 quidem,
710 2256 765 2320 sed
787 2256 872 2320 nihil
893 2257 1050 2343 intellego
1071 2252 1121 2319 dici

127 2343 271 2427 potuisse
304 2345 512 2410 coustantius.
567 2343 601 2410 Si
633 2345 718 2409 enim
750 2347 801 2408 tot
833 2348 909 2409 sunt
941 2346 977 2410 in
1007 2361 1122 2429 corpore
1164 2352 1166 2357 '

126 2432 225 2516 bona,
254 2436 306 2497 tot
329 2438 420 2497 extra
443 2454 557 2516 corpus
580 2433 614 2496 in
637 2454 713 2496 casu
736 2435 832 2515 atque
856 2431 1006 2517 fortuna,
1032 2449 1122 2498 nonne

128 2524 377 2586 consentaneum
401 2523 451 2584 est
472 2521 546 2604 plus
569 2520 745 2604 fortunam,
772 2542 852 2604 quae
875 2520 1151 2586 dominaremur

128 2608 172 2673 sit
199 2613 231 2673 et
258 2613 461 2672 externarum
488 2612 521 2673 01
552 2608 591 2672 ad
622 2630 736 2692 corpus
764 2608 1012 2693 pertinentium,
1043 2626 1125 2692 quam

75 2697 296 2760 ‘reconsilium
324 2695 451 2761 valere?
505 2694 558 2760 An
590 2696 750 2761 malumus
774 2694 962 2797 Epicurum
993 2691 1125 2762 imitari?

129 2784 184 2866 qui
208 2785 310 2849 multa
332 2785 495 2868 praeclare
518 2806 614 2867 saepe
637 2784 727 2848 dicit·
701 2788 728 2869 t3
752 2805 847 2867 quam
866 2784 955 2848 enim
979 2785 1044 2850 sibi
1066 2803 1126 2849 con·

128 2874 251 2935 stanter
280 2873 568 2956 convenienterque
596 2872 694 2956 dicat,
725 2893 791 2936 non
822 2871 959 2937 laborat.
1012 2871 1127 2938 Laudat

127 2961 256 3022 tenuem
274 2959 406 3024 victum.
441 2959 631 3043 Philosophi
649 2959 683 3023 id
702 2960 844 3044 quidem,
865 2960 921 3023 sed
940 2961 970 3024 si
988 2958 1155 3027 Socratesn

128 3049 185 3110 aut
212 3045 280 3109 Ant
281 3045 325 3109 ist
311 3045 422 3110 thenes
451 3046 582 3131 diceret,
556 3051 674 3112 111011
702 3048 744 3125 11,
772 3047 827 3131 qui
853 3048 953 3112 finem
979 3050 1128 3115 bonorum

127 3133 329 3216 voluptatem
357 3155 427 3198 esse
458 3135 580 3199 dixerit.
634 3134 744 3219 Negat
775 3156 971 3219 quemquam
1002 3133 1127 3202 iucunde

126 3242 221 3305 posse
253 3221 374 3305 111010,
406 3222 469 3286 nisi
501 3223 587 3287 idem
618 3223 767 3306 honeste,
795 3224 1002 3307 sapienter
990 3248 1043 3290 rus
1045 3231 1128 3323 teque

128 3309 224 3373 vivat.
272 3308 365 3374 Nihil
393 3311 537 3395 gravius,
565 3310 647 3375 nihil
674 3310 882 3413 philosophia
909 3312 1053 3397 dignius,
1075 3307 1128 3376 nisi

127 3397 212 3461 idem
234 3397 329 3463 hoc
319 3420 426 3481 1psum
451 3398 1157 3482 110110110,11111011101,10110’1111011111

123 3489 222 3554 tatem
246 3485 392 3556 referre.
438 3483 523 3564 Quid
543 3486 658 3551 melius
679 3508 776 3568 quam
801 3487 967 3553 fortunam
990 3489 1129 3574 exiguam
