2346 3876
368 171 435 228 LIB.
453 172 474 228 Ι.
504 170 581 228 cAP.
602 179 630 241 1,
648 179 674 228 2.
701 177 717 238 ἓ
737 177 822 228 1-7.
1083 173 1104 238 5

94 334 280 418 spondebo,
303 334 359 398 sed
382 355 420 398 ea
442 333 559 417 dicam,
583 355 664 417 quae
687 333 766 398 mihi
790 335 920 399 suntin
943 339 1105 418 promptu,

94 421 184 506 quod
207 423 272 486 ista
294 422 367 505 ipsa
390 422 481 486 dere
500 423 645 506 multum,
668 425 704 486 ut
726 422 801 506 dixi,
823 426 856 486 et
881 423 935 486 diu
954 423 1104 507 cogitavi.

92 509 184 575 Nam
203 531 277 574 eum
296 509 535 593 philosophiam
548 509 689 575 viderem
707 510 954 593 diligentissime
974 510 1104 575 Graecis

93 599 217 662 litteris
241 598 447 683 explicatam,
470 598 665 680 existimavi,
693 599 721 662 si
749 599 804 682 qui
831 599 870 662 de
892 599 1013 663 nostris
1037 599 1104 662 eius

63 685 208 752 sstudio
233 690 431 769 tenerentur,
462 687 490 750 si
512 690 621 751 essent
642 684 774 750 Graecis
802 687 955 751 doctrinis
980 685 1106 771 eruditi,

96 773 224 838 Graeca
245 774 354 857 potius
378 797 474 859 quam
492 777 605 838 nostra
625 775 777 857 lecturos,
802 775 853 838 sin
872 797 892 839 a
910 774 1106 839 Graecorum

97 862 228 927 artibus
264 867 296 926 et
332 862 511 946 disciplinis
542 861 765 946 abhorrerent,
795 884 836 926 ne
866 862 946 927 haee
977 862 1105 946 quidem

97 954 282 1033 curaturos,
305 971 386 1035 quae
415 950 485 1015 sine
515 950 693 1015 eruditione
717 948 841 1015 Graeca
866 951 1013 1034 intellegi
1040 972 1105 1015 non

96 1040 247 1123 possunt.
296 1037 410 1122 Itaque
438 1059 476 1102 ea
502 1039 592 1103 nolui
616 1038 768 1121 scribere,
794 1060 875 1122 quae
904 1061 962 1103 nec
984 1038 1106 1104 indocti

51 1154 81 1192 ιο
96 1125 289 1210 intellegere
315 1130 449 1209 possent
475 1148 533 1190 nec
562 1127 649 1191 docti
675 1126 783 1210 legere
805 1131 962 1192 curarent.
1006 1126 1141 1190 Vides5

97 1217 210 1278 autem
229 1211 355 1298 (eadem
374 1215 459 1278 enim
477 1215 546 1298 ipse
565 1213 718 1300 didicisti)
737 1235 803 1278 non
820 1237 915 1298 posse
932 1236 992 1280 nos
1009 1215 1106 1279 Ama-

95 1302 170 1366 finii
194 1307 251 1366 aut
272 1301 399 1367 Rabirii
422 1302 543 1366 similes
567 1324 649 1384 esse,
676 1303 731 1386 qui
753 1302 843 1366 nulla
866 1307 935 1367 arte
959 1302 1107 1368 adhibita

96 1391 137 1455 de
157 1390 255 1454 rebus
274 1394 348 1454 ante
363 1391 472 1455 oeulos
490 1389 605 1473 positis
622 1391 750 1475 vulgari
769 1412 914 1456 sermone
933 1391 1107 1474 disputant,

95 1477 184 1542 nihil
199 1476 361 1560 definiunt,
374 1477 457 1542 nihil
466 1479 658 1561 partiuntur,
672 1477 755 1541 nihil
764 1481 842 1562 apta
855 1479 1107 1563 interrogatione

54 1595 83 1635 15
99 1565 307 1648 concludunt,
325 1566 448 1630 nullam
467 1566 603 1649 denique
621 1570 723 1630 artem
742 1587 811 1630 esso
829 1588 889 1630 nec
907 1567 1030 1630 dicendi
1048 1587 1106 1630 nee

97 1653 280 1719 disserendi
297 1656 423 1737 putant.
454 1652 524 1718 Nos
545 1658 652 1718 autem
670 1654 851 1736 praeceptis
868 1654 1107 1719 dialecticorum

97 1746 132 1807 et
165 1745 331 1805 oratorum
355 1741 465 1824 etiam,
493 1742 644 1825 quoniam
671 1744 838 1825 utramque
865 1742 932 1805 vim
954 1741 1107 1806 virtutem

97 1851 172 1895 esse
202 1829 309 1894 nostri
338 1832 470 1912 putant,
501 1829 547 1894 sic
576 1833 739 1913 parenteS,
766 1833 802 1893 ut
828 1830 970 1913 legibus,
1000 1829 1107 1894 verbis

98 1937 229 2004 qnoque
257 1917 351 1982 novis
383 1918 529 2002 cogimur
559 1918 620 2000 uti,
654 1939 734 2000 quae
767 1918 867 2001 docti,
903 1921 940 1982 ut
974 1918 1054 2001 dixi,
1089 1939 1108 1981 a

53 2036 84 2074 20
98 2005 233 2071 Graecis
265 2009 374 2088 petere
406 2005 541 2088 malent,
573 2005 694 2070 indocti
725 2027 765 2070 ne
798 2027 817 2069 a
847 2007 942 2070 nobis
980 2006 1108 2089 quidem

98 2092 275 2178 accipient,
305 2096 344 2156 ut
373 2092 495 2157 frustra
527 2094 631 2157 omnis
665 2093 859 2177 suscipiatur
891 2095 983 2158 labor.
1037 2093 1143 2158 lamo

98 2203 178 2247 vero
202 2181 349 2265 physica,
374 2180 402 2246 si
419 2181 609 2264 Epicurum,
631 2181 664 2244 id
683 2185 732 2246 est
750 2182 779 2247 si
796 2181 1018 2247 Democritum
1036 2203 1109 2265 pro·

98 2271 229 2351 barem,
251 2291 380 2352 possem
399 2271 538 2335 seribere
556 2270 604 2334 ita
621 2270 726 2354 plane,
744 2274 782 2334 ut
799 2269 989 2334 Amafinius.
1025 2269 1109 2345 Quid

100 2361 154 2422 est
172 2357 277 2421 -enim
316 2378 482 2442 magnum,
525 2379 597 2422 cum
638 2379 750 2422 causas
793 2379 899 2422 rerum
940 2357 1108 2421 efficientis

56 2472 86 2513 25
102 2445 285 2528 sustuleris,
304 2445 341 2509 de
357 2446 619 2528 corpusculorum
633 2445 693 2530 (ita
712 2447 797 2510 enim
812 2446 955 2529 appellat
968 2443 1108 2528 atomos)

101 2532 310 2598 concursione
332 2533 467 2598 fortuita
489 2534 601 2618 loqui?
647 2531 769 2598 Nostra
790 2536 827 2598 tu
849 2533 985 2616 physica
1007 2533 1107 2615 nosti3

101 2642 187 2705 quae
205 2641 277 2684 eum
295 2623 520 2686 contineantur
543 2644 581 2686 ex
603 2622 770 2686 effectione
789 2624 822 2685 et
844 2642 883 2684 ex
905 2621 1042 2684 materia
1064 2641 1109 2702 ea,

102 2730 203 2793 quam
224 2709 320 2793 fingit
341 2713 374 2772 et
394 2709 516 2774 format
537 2710 677 2792 effeeti0,
704 2708 884 2773 adhibenda
911 2708 1009 2772 etiam
1036 2728 1110 2792 geo·

100 2796 222 2860 metria
235 2800 297 2878 est,
316 2817 413 2879 quam
427 2797 620 2880 quibusnam
635 2797 802 2882 quisquam
822 2797 988 2860 enuntiare
1002 2797 1109 2861 verbis

58 2911 86 2950 eo
100 2888 160 2948 aut
182 2904 277 2967 quem
301 2883 342 2947 ad
367 2884 620 2968 intellegendum
648 2885 769 2967 poterit
795 2885 973 2949 adducere?
1020 2884 1110 2948 Haec

99 2973 176 3056 ipsa
200 2971 239 3036 de
257 2971 326 3036 vita
344 2975 377 3035 et
395 2972 540 3037 moribus
564 2977 596 3036 et
618 2973 657 3037 de
681 2973 864 3055 expetendis
886 2973 1110 3057 fugiendisque

99 3059 199 3124 rebus
225 3059 275 3123 illi
299 3060 500 3145 simpliciter3
528 3061 658 3144 pecudis
687 3061 772 3124 enim
800 3065 833 3124 et
858 3061 999 3125 hominis
1026 3061 1110 3124 idem

100 3148 226 3212 bonum
250 3168 319 3212 esse
342 3153 486 3232 censent,
510 3149 594 3231 apud
616 3151 746 3213 nostros
766 3153 873 3213 autem
891 3171 956 3213 non
979 3149 1110 3231 ignoras

100 3257 185 3319 quae
213 3234 257 3299 sit
283 3238 315 3299 et
346 3240 467 3319 quanta
499 3237 669 3301 subtilitas.
725 3233 798 3300 Sive
831 3237 915 3300 enim
950 3234 1144 3298 Zenonem?

58 3350 85 3389 as
100 3345 254 3408 sequare,
276 3343 430 3408 magnum
449 3327 499 3388 est
522 3325 661 3407 efficere,
684 3326 720 3387 ut
739 3325 811 3407 quis
830 3324 1010 3406 intellegat,
1034 3319 1112 3403 quid

100 3411 146 3476 sit
174 3410 256 3476 illud
282 3433 393 3476 verum
423 3415 457 3475 et
480 3411 616 3496 simplex
642 3413 775 3494 bonum,
804 3411 888 3495 quod
914 3430 979 3472 non
1007 3408 1111 3490 possit

100 3500 144 3564 ab
167 3499 341 3564 honestate
368 3499 493 3586 seiungi
515 3497 616 3588 (quod
638 3499 763 3568 bonum
786 3498 883 3587 quale
905 3497 968 3582 sit,
988 3495 1126 3561 ommno
