2346 3876
85 191 150 258 358
283 167 581 249 ruscuua‘uaauu
598 188 903 246 ursrumrrouuu

85 356 121 419 in
144 354 326 420 Tusculano
357 357 450 419 erant
477 354 650 435 disputata.
700 351 763 416 Sed
790 351 945 436 quoniam
971 349 1079 414 duobus

87 443 307 526 superioribus
330 442 368 507 de
387 444 491 506 morte
510 444 543 506 et
562 440 602 505 de
623 439 734 506 dolore
753 439 877 504 dictum
896 442 959 520 est,
981 438 1080 502 tertius

52 532 154 595 udies
183 530 410 614 disputationis
437 528 500 595 hoc
533 528 666 592 tertiun'r
693 528 846 593 volumen
874 527 998 592 efficiet.
1045 523 1082 590 Ul

86 620 171 684 enim
206 620 241 684 in
267 617 475 682 Academiam
505 618 653 681 nostram
684 615 909 680 descendimus
939 614 1081 679 inclinato

85 708 151 772 iam
179 707 215 771 in
241 705 528 790 postmeridianum
560 706 688 786 tempus
721 703 786 786 die,
817 703 956 786 poposci
987 722 1099 767 coruus

87 796 240 879 aliquem,
268 794 324 879 qui
350 792 496 877 aderant,
529 812 660 856 eausam
692 790 879 856 disserendi.
934 791 1015 855 Tum
1042 809 1081 853 res

87 887 160 948 acta
182 883 228 947 sic
251 885 312 946 est:

45 968 67 1032 4
152 970 193 1035 A.
220 969 385 1034 Videtur
402 967 497 1033 mihi
516 968 650 1033 cadere
673 967 712 1032 in
736 968 955 1052 sapientem
975 965 1082 1052 aegri·

85 1058 186 1124 tudo.

152 1151 196 1209 M.
227 1145 315 1210 Num
350 1146 491 1229 reliquae
505 1167 655 1230 zquoque
690 1143 954 1228 perturbationes
991 1141 1099 1222 animis

86 1233 288 1316 formidines,
319 1233 485 1318 libidines,
520 1231 740 1300 iracundian
786 1232 876 1298 Haec
913 1232 999 1297 eninr
1028 1231 1082 1294 fere

87 1324 161 1386 sunt
193 1320 261 1385 eius
293 1321 395 1405 modi,
411 1347 414 1352 ·
429 1343 512 1405 quae
542 1319 659 1386 Graeci
690 1315 783 1402 πάθη
817 1321 1000 1404 appellant;
1034 1336 1081 1402 ego

86 1412 233 1494 poteram
260 1411 427 1492 morbos,
455 1413 488 1473 et
514 1409 547 1474 id
574 1410 707 1474 verbum
735 1411 820 1473 esset
848 1430 866 1472 e
897 1409 1010 1492 verbo,
1038 1403 1082 1471 scd

86 1499 120 1562 in
140 1498 403 1562 consuetudinem
421 1502 568 1562 nostram
585 1519 652 1562 non
670 1497 807 1562 caderet.
838 1495 926 1561 Nam
944 1493 1081 1574 misereri,

86 1586 242 1669 invidere,
260 1586 393 1671 gestire,
415 1585 543 1669 laetari,
564 1584 772 1651 haecomnia
795 1583 964 1651 ‘morbos'
983 1580 1099 1649 Graecis

87 1675 266 1759 appellant,
298 1677 406 1739 motus
438 1675 538 1739 animi
573 1674 694 1738 rationi
729 1693 795 1737 non
832 1670 1085 1757 obtemperantis,

86 1784 144 1827 nos
173 1765 281 1827 autem
308 1763 368 1828 hos
396 1762 525 1827 eosdem
553 1764 661 1826 motus
689 1761 844 1827 concitati
872 1761 974 1825 animi
1001 1761 1079 1836 recte,

86 1854 123 1915 ut
141 1851 268 1935 opinor,
290 1851 606 1934 perturbationes
625 1849 813 1933 dixerimus,
836 1849 971 1914 morbos
989 1850 1079 1913 auten

86 1960 152 2004 non
175 1939 255 2004 satis
279 1939 410 2022 usitate,
432 1938 496 2002 nisi
519 1937 594 2021 quid
617 1937 705 2002 aliud
726 1936 788 2000 tibi
810 1937 948 2004 videtur.

51 2039 68 2088 8
153 2026 196 2091 A.
222 2025 305 2090 Mihi
327 2047 402 2091 vero
426 2025 490 2091 isto
513 2025 618 2090 modo.
701 2034 704 2039 ’
1086 2039 1099 2080 r

152 2114 200 2179 M.
223 2113 366 2179 Haecine
388 2113 490 2198 igitur
512 2114 625 2179 cadere
648 2114 683 2178 in
706 2112 889 2197 sapientem
912 2112 1028 2198 putas?

152 2202 193 2266 A.
219 2203 356 2267 Prorsus
380 2201 538 2267 existimo.

152 2295 197 2354 M.
220 2289 270 2355 Ne
298 2290 363 2354 ista
389 2289 533 2374 gloriosa
560 2289 719 2373 sapientia
749 2312 816 2355 non
847 2290 970 2376 magno
1002 2284 1078 2354 aesti-

86 2378 204 2443 manda
231 2382 292 2462 est,
321 2377 478 2461 siquidem
504 2399 571 2443 non
593 2379 733 2443 multum
761 2377 868 2442 differt
896 2379 939 2442 ab
963 2374 1077 2442 insania

152 2470 190 2531 A.
219 2464 324 2542 Quid?
355 2466 418 2530 tibi
450 2467 595 2531 omnisne
629 2466 730 2530 animi
762 2467 939 2532 commotio
972 2465 1099 2530 videare

86 2555 236 2620 insania?
1074 2570 1077 2578 “

134 2650 198 2720 ‚M.
220 2642 295 2709 Non
317 2642 399 2707 mihi
425 2642 553 2727 quidem
577 2641 652 2725 soli,
679 2640 747 2723 sed,
774 2641 807 2704 id
834 2641 922 2725 quod
946 2634 1079 2706 admirari

88 2752 183 2814 saepe
206 2731 307 2815 soleo,
334 2732 512 2797 maioribus
535 2743 665 2814 'quoque
688 2729 808 2793 nostris
835 2729 898 2794 hoc
921 2730 970 2794 ita
992 2730 1080 2794 visum

86 2819 241 2904 intellego
269 2819 382 2883 multis
409 2818 546 2883 saeculis
575 2822 650 2882 ante
678 2815 858 2900 Socratem,
886 2839 907 2881 a
930 2840 993 2903 quo
1016 2816 1080 2880 haec

88 2907 206 2989 omnis,
233 2928 315 2990 quae
343 2911 392 2971 est
419 2907 459 2971 de
486 2907 554 2971 vita
581 2909 614 2970 et
641 2905 681 2972 de
704 2904 861 2988 moribus,
890 2900 1099 2989 philosophiae

87 2994 241 3058 manavit.

153 3082 194 3147 A.
222 3080 368 3157 Quonam
390 3083 521 3148 tandem
547 3081 665 3148 modo?

152 3170 201 3236 M.
224 3169 308 3246 Quia
334 3192 453 3235 nomeu
479 3172 624 3236 insaniae
652 3168 814 3255 significat
842 3169 962 3235 mentis
985 3185 1080 3254 aegro·

86 3258 244 3324 tationem
263 3261 295 3322 et
313 3260 462 3323 morbum
482 3261 504 3338 [,
524 3259 557 3323 id
576 3262 627 3324 est
648 3259 856 3323 insanitatem
875 3262 909 3323 et
927 3261 1081 3343 aegrotum

52 3346 245 3429 eanimurn,
273 3367 368 3431 quam
397 3347 604 3430 appellarunt
630 3347 802 3412 insaniam.
847 3345 962 3411 Omnis
988 3349 1099 3410 nuans

87 3435 345 3518 perturbationes
387 3434 486 3499 animi
526 3435 656 3500 morbos
699 3434 888 3518 philosophi
930 3429 1081 3518 appellant

75 3527 270 3614 negantque
289 3523 429 3593 stultum
447 3543 645 3611 quemquam
660 3522 718 3586 his
731 3522 855 3586 morbis
873 3543 996 3588 vacare.
1031 3512 1082 3593 Qui
