2356 3870
24 126 30 143 '
99 154 156 211 cre.
173 156 207 210 u.
240 154 319 212 ene.
338 160 381 211 aa.
408 160 509 222 erre,
528 155 595 209 uua.
614 155 662 210 111.
688 153 956 212 ARGUlfflNTUM.
997 156 1058 220 169

69 313 1059 454 iiiimindtffiisfiiilisiiiiiiiibi‘iiiiiquiaiiilfftii

68 453 149 508 borum
166 427 399 524 copia’Graecae
418 455 587 524 respondeat
604 458 676 524 (cap.
697 459 794 524 1-2).
835 455 942 510 Deinde
961 454 1058 510 Cicero

68 525 166 593 exponit
192 541 350 580 sermonem
378 525 432 579 sibi
459 525 611 593 aliquando
642 526 676 580 de
705 525 862 580 Stoicorum
889 526 924 579 de
951 543 1058 581 summo

67 595 124 649 bono
146 596 289 650 sententia
319 594 452 649 incidisse
478 613 542 649 cum
564 596 601 650 ld
626 595 730 651 Catone
752 596 783 650 in
809 596 878 650 villa
901 597 1059 650 Tusculana

66 663 159 720 luculli
171 669 243 735 (cap.
259 669 296 734 3).
320 666 393 720 Nam
407 683 470 720 cum
484 664 553 721 Cato
567 665 658 720 minus
673 666 726 720 sibi
739 666 853 735 probari
865 665 1058 735 significasset,

67 736 127 802 quod
143 735 243 790 Cicero
261 753 318 790 non
335 736 373 791 ad
391 735 514 804 Stoicos,
538 737 587 791 sed
608 737 645 790 ad
663 736 845 791 Academicos
868 739 898 790 et
914 737 1058 806 Peripate-

66 803 121 860 ticos
143 823 173 861 se
195 805 403 874 inclinavisset,
427 806 525 861 Cicero
547 809 641 861 autern
658 807 731 860 inter
754 807 805 861 hos
824 808 854 860 et
871 806 980 861 Stoicos
998 823 1058 862 rer·

67 875 160 944 borum,
183 893 241 931 non
259 893 353 931 rerum
376 879 518 932 certamen
536 893 597 931 esse
616 876 746 942 dixisset,
769 879 798 931 et
816 876 937 943 Stoicos,
956 877 980 931 si
997 894 1058 931 ver-

68 945 149 1000 borum
171 947 322 1016 splendore
344 947 475 1017 persequi
496 948 616 1013 vellent,
639 947 668 1001 in
690 947 840 1016 Pyrrhonis
864 949 894 1001 et
920 948 1058 1002 Aristonis

24 1032 27 1091 ξ
69 1015 122 1071 uta
142 1017 281 1084 incidere,
305 1019 338 1071 ut
354 1034 449 1072 rerum
467 1017 648 1072 selectionem
667 1021 696 1071 et
717 1017 809 1086 ipsam
825 1017 960 1072 virtutem
977 1018 1058 1072 tolle·

70 1088 128 1155 rent,
148 1088 299 1156 Catonem,
320 1089 354 1141 ut
376 1087 539 1142 Ciceronem
560 1105 616 1142 non
639 1090 715 1142 recte
738 1087 863 1143 iudicare
889 1089 1058 1156 ostenderet,

71 1157 143 1211 totoni
163 1158 283 1212 Zenonis
307 1158 520 1226 Stoicorumque
544 1157 713 1212 sententiam
737 1159 876 1228 explicare
895 1145 1059 1229 ddgressuur
1087 1168 1090 1173 ’

74 1239 116 1280 esse
132 1229 203 1297 (cap.
221 1230 321 1296 3-4).
348 1229 391 1284 Ea
408 1228 560 1298 explicatio
577 1228 660 1282 huius
672 1227 751 1282 modi
768 1233 823 1283 est:
843 1229 930 1284 Omne
945 1229 1058 1297 animal,

75 1294 238 1366 simulatque
256 1301 354 1353 natum
372 1301 428 1367 est,
452 1315 481 1352 se
499 1315 664 1354 conservare
682 1299 777 1353 studet
799 1303 828 1354 et
847 1318 927 1354 suurn
945 1303 1057 1368 statum,

76 1381 178 1436 quaeque
202 1369 262 1423 eiua
285 1371 375 1423 status
399 1369 593 1424 conservantia
616 1370 691 1436 sunt,
714 1369 821 1438 diligit;
848 1368 878 1422 in
900 1370 944 1424 his
967 1371 1058 1436 rebus,

76 1450 125 1501 quas
144 1441 245 1520 natura
268 1439 374 1508 primas
394 1439 518 1521 appetit,
542 1439 673 1520 voluptas
690 1457 752 1521 ‘non
769 1441 824 1506 est,
850 1443 893 1494 est
910 1440 1058 1510 integritas

76 1511 1058 1648 thhtffttetluhuhhetdtltttttzitmtl

76 1649 180 1722 uturum
194 1651 260 1704 sunt
274 1652 323 1704 aut
340 1650 398 1704 tale
418 1650 484 1718 quid
499 1650 635 1719 efficiunt,
653 1650 726 1704 aliae
739 1649 968 1715 inaestimabiles,
987 1667 1058 1718 quae

75 1713 115 1772 llis
137 1719 293 1775 contrariae
321 1722 398 1787 sunt,
424 1721 491 1774 illae
514 1724 609 1775 autem
632 1720 795 1786 sumendae,
821 1720 875 1775 hae
900 1719 1058 1774 reiciendae

76 1785 125 1854 dut,
145 1790 266 1860 primum
289 1793 332 1844 est
355 1791 478 1845 officium
501 1807 531 1845 se
553 1806 728 1858 conservare,
752 1790 852 1844 deinde
875 1789 992 1859 seligere
1015 1807 1057 1857 ea,

76 1861 296 1985 {paesecrpndpem
314 1863 444 1986 npturssm
463 1861 531 1927 sint,
550 1863 579 1915 et
592 1860 696 1984 reicetre
710 1861 863 1984 cgptrppff
879 1878 944 1985 puin
963 1863 1058 1942 autem

75 1945 292 2081 uieg⁰1⁰¹iiii¹ssirf
312 1947 708 2070 {diasimioiiiieiinnii
731 1974 824 2070 epium
842 1947 1059 2056 aseiiimuit

75 2061 112 2122 lac
126 2089 185 2141 ipsa
203 2072 400 2127 convenientia
417 2073 567 2126 honestum
585 2071 756 2139 continetur,
780 2073 855 2140 quod
874 2073 903 2127 et
920 2090 1058 2126 summum

75 2138 94 2189 tt
110 2157 189 2196 unum
211 2142 318 2197 bonum
341 2144 432 2196 estet
453 2143 545 2196 solum
562 2145 678 2212 propter
696 2159 725 2196 ee
744 2143 941 2211 expetendum
967 2144 1058 2213 prima

75 2211 148 2266 uum
165 2215 285 2268 naturae
298 2227 355 2266 non
367 2214 485 2282 propter
498 2230 527 2266 se
542 2213 699 2282 expetenda
717 2216 794 2279 sunt,
813 2215 951 2268 ettamen
965 2215 1059 2268 omnia

75 2277 146 2336 officia
164 2283 200 2338 ab
218 2283 254 2336 iis
272 2283 486 2352 proficiscuntur
504 2285 576 2352 (cap.
596 2286 631 2351 6).
671 2282 825 2352 Appetitioj¹
842 2283 930 2338 animi
946 2301 1003 2338 non
1021 2284 1059 2337 ad

74 2351 169 2412 quodvis
192 2352 269 2408 vitae
293 2369 395 2423 genus,
418 2354 469 2407 sed
492 2354 530 2408 ad
553 2353 694 2421 quandam
718 2353 836 2408 ferinam
858 2353 972 2408 vivendi
990 2354 1059 2408 data

73 2422 113 2487 ot,
128 2423 251 2492 itemque
270 2423 358 2491 ratio,
376 2426 408 2478 ut
425 2425 464 2478 ad
481 2423 636 2493 perfectam
653 2423 804 2490 rationem,
831 2440 902 2491 quae
921 2424 1059 2493 ¹sapientie

73 2489 184 2548 elvirum
199 2495 251 2561 est,
269 2494 457 2562 perveniatur.
491 2493 652 2564 Sapientiae
669 2493 799 2555 ultimum
818 2496 860 2546 est
878 2511 934 2547 non
952 2494 1058 2561 aliquid

72 2563 132 2618 extra
145 2581 174 2617 se
190 2564 316 2631 efficere,
335 2565 385 2618 sed
402 2565 465 2634 ipsa
483 2564 567 2633 actio,
586 2567 627 2632 et,
647 2565 722 2632 quod
739 2566 815 2618 recte
834 2565 940 2617 factum
959 2566 1010 2630 est,
1029 2563 1059 2616 id

24 2662 27 2687 ι
71 2643 147 2689 onnes
170 2634 285 2688 virtutis
307 2652 437 2689 numeros
460 2635 490 2688 in
512 2652 542 2689 se
565 2635 697 2690 continet.
734 2634 831 2699 Virtus
856 2636 950 2688 autem
967 2633 1060 2687 teneri

70 2713 112 2756 non
125 2706 234 2774 potest,
252 2704 308 2759 nisi
326 2707 466 2760 statuatur
478 2705 549 2759 nihil
568 2721 641 2771 esse,
661 2705 735 2773 quod
752 2704 865 2766 intersit
878 2706 928 2759 aut
946 2703 1060 2758 differat

69 2770 130 2829 diuo
147 2775 183 2830 ab
202 2775 260 2830 alio
279 2779 345 2843 (quo
367 2776 472 2831 bonum
489 2778 539 2830 aut
555 2775 662 2829 malum
680 2775 740 2844 sit),
763 2775 876 2844 praeter
892 2776 1011 2829 honesta
1030 2777 1061 2828 et

68 2840 152 2913 lupia
195 2847 295 2912 Itaque
319 2845 460 2916 sapientes
483 2862 579 2900 omnes
607 2861 718 2914 semper
742 2845 821 2900 beati
843 2849 908 2900 sunt
932 2849 1003 2917 (cap.
1023 2849 1057 2914 7).

67 2909 133 2988 ¹Quod
154 2917 252 2972 autem
274 2917 366 2970 totam
389 2916 566 2984 disciplinam
585 2915 723 2983 continet,
746 2916 821 2983 quod
843 2917 991 2971 honesturn
1014 2917 1059 2983 sit,

64 2982 86 3037 ld
105 3002 164 3041 esse
187 2986 280 3067 solum
301 2986 418 3046 bonum.
442 2986 627 3068 idbreribus
646 2985 813 3053 quibusdam
831 2989 860 3040 et
878 2988 967 3042 acutis
986 2987 1059 3042 Stoi-

62 3068 154 3181 tlt
171 3057 966 3197 illst?0t⁰¹t¹tlttctl¹tthrttttrite
984 3058 1059 3196 ἓξὲξ

60 3193 131 3252 fortis
148 3196 194 3252 vir
212 3197 297 3251 aliter
314 3214 375 3252 esse
393 3214 450 3251 non
467 3199 562 3267 potest
580 3201 651 3266 (cap.
666 3200 702 3266 8).
729 3197 788 3251 Nec
806 3201 902 3252 tamen
920 3197 1059 3269 probandi

60 3270 115 3323 mr
134 3266 181 3323 illi
202 3267 378 3337 philosophi,
402 3267 451 3335 qui
473 3267 513 3321 sic
531 3285 669 3321 summum
693 3267 798 3322 bouum
816 3269 846 3322 in
864 3269 958 3323 animo
975 3285 1058 3338 posu·

58 3340 145 3405 urunt,
172 3340 206 3393 ut
232 3338 340 3393 nullam
362 3354 456 3392 rerum
479 3336 666 3393 differentiam
688 3354 748 3393 esse
776 3338 915 3404 dicerentr
941 3354 1007 3392 narn
1028 3337 1059 3391 in

56 3406 204 3465 ttlectione
232 3425 328 3462 earum
355 3424 462 3473 rerum,
493 3424 564 3476 quae
590 3410 655 3462 sunt
682 3409 834 3463 secundum
859 3410 1002 3475 naturam,
1030 3411 1060 3461 et

56 3479 256 3535 merneram
273 3478 425 3533 reiectione
443 3477 592 3547 prudentia
610 3480 640 3533 et
656 3478 747 3533 virtus
764 3478 859 3548 posita
877 3481 928 3533 est.
960 3479 1058 3547 ltaque
