2346 3876
100 160 166 223 212
262 159 312 214 DE
329 159 477 213 FINIBUS
494 157 676 213 Bonorum
693 157 741 212 ΕΤ
759 156 946 213 HALORUM

49 329 88 391 11
167 323 239 406 Age
260 343 346 386 nunc
372 321 430 384 isti
457 321 609 401 doceant,
634 321 687 384 vel
711 323 749 384 tu
776 321 888 402 potius
916 317 999 405 (quis
1020 319 1084 383 enin

99 412 165 474 ista
183 408 350 494 melius?),
372 431 513 493 quonam
537 408 634 472 modo
653 409 694 472 ab
719 408 824 472 isdem
846 408 1012 492 principiis
1031 428 1084 490 pro

99 498 177 562 fecti
205 497 367 579 efficiatis,
392 501 431 560 ut
456 495 593 560 honeste
620 497 728 559 vivere
755 494 802 578 (id
831 500 883 560 cst
912 498 997 560 enim
1016 495 1084 560 vele

100 587 220 650 virtute
234 585 286 649 vel
298 590 434 650 naturae
447 589 663 668 congruenter
675 581 797 668 vivere)
812 606 973 648 summum
990 585 1085 649 bonun

101 676 158 757 sit,
181 679 214 737 et
235 695 376 757 quonam
398 672 495 737 modo
518 676 575 736 aut
604 694 667 756 quo
690 673 762 736 loco
785 693 904 757 corpus
927 672 1030 737 subito
1047 670 1100 734 dos

101 763 266 826 serueritis
288 762 461 844 omniaque
484 781 534 842 ea,
557 781 654 843 quae,
676 760 851 824 secundum
868 764 1018 825 naturam
1032 778 1084 824 cun

101 851 178 933 sint,
195 851 304 915 absint
323 871 343 912 a
359 853 474 913 nostra
490 851 663 931 potestate,
680 849 789 932 ipsum
806 847 944 931 denique
959 848 1084 913 officium

101 939 228 1014 Quaero
250 938 365 1022 igitur,
390 958 453 1020 quo
477 936 573 1000 modo
595 936 659 1000 hae
679 939 791 1000 tantae
814 936 1084 1001 commendationes

102 1049 122 1090 a
152 1027 269 1091 natura
300 1025 463 1108 profectae
495 1024 603 1088 subito
636 1046 656 1087 a
687 1024 847 1108 sapientia
874 1025 1005 1089 relictae
1029 1023 1085 1086 siut

48 1134 82 1181 27
101 1114 223 1189 Quodsi
254 1086 321 1177 nim
350 1113 492 1178 hominis
524 1134 685 1176 summum
717 1112 839 1177 bonum
876 1120 1115 1196 quaereremus

102 1202 157 1266 sed
190 1201 357 1266 cuiusdam
394 1201 583 1283 animantis,
616 1200 646 1264 is
678 1204 787 1264 autem
818 1205 907 1264 esset
937 1200 1016 1264 nihil
1040 1195 1085 1262 nisi

102 1290 227 1352 animus
255 1286 367 1373 (liceat
394 1289 481 1352 enim
508 1289 629 1371 fingere
659 1288 780 1371 aliquid
813 1288 882 1352 eius
915 1288 1013 1379 modi,
1039 1304 1085 1369 quo

102 1399 213 1442 verum
243 1375 372 1440 facilius
409 1373 636 1460 reperiamus),
666 1380 778 1440 tumen
812 1375 864 1439 illi
901 1377 1008 1441 animo
1037 1392 1086 1437 non

102 1469 188 1529 esset
209 1464 263 1529 hio
286 1467 394 1528 vester
415 1464 499 1527 finis.
539 1461 751 1528 Desideraret
773 1463 861 1527 onim
884 1464 1085 1539 valetudinem,
1119 1534 1122 1539 ¹

101 1553 297 1618 vacuitatem
330 1552 468 1635 doloris,
501 1555 670 1635 appeteret
700 1552 800 1615 etium
831 1552 1114 1617 conservationem&

102 1643 153 1706 sui
190 1661 364 1725 earumque
400 1661 509 1703 rerum
545 1639 725 1705 custodiam
746 1640 909 1724 finemque
942 1640 1005 1705 sibi
1032 1656 1085 1702 con·

102 1731 253 1793 stitueret
275 1727 448 1792 secundum
466 1731 617 1792 natiuam
637 1729 759 1811 vivere,
782 1728 867 1811 quod
890 1731 955 1811 est,
976 1731 1011 1792 ut
1030 1721 1085 1797 dixi,

101 1817 220 1882 habere
249 1838 299 1898 ea,
327 1831 409 1899 quae
436 1815 612 1879 secundum
638 1819 790 1880 naturam
818 1816 897 1900 sint,
927 1816 979 1881 vel
1001 1813 1085 1882 omnia

49 1906 153 1972 revel
185 1905 324 1989 plurima
356 1906 390 1967 et
421 1904 569 1967 maxima.
628 1901 862 1986 Cuiuscumque
900 1905 986 1969 enim
1019 1895 1085 1966 modi

103 1993 224 2057 animal
252 1992 472 2068 constitueris,
499 2008 630 2055 necesse
653 1995 715 2075 est,
742 1993 870 2056 etiamsi
893 1992 928 2057 id
951 1993 1016 2056 sine
1035 1998 1115 2054 cor-¹·

101 2101 180 2162 pore
204 2081 260 2161 sit,
283 2082 320 2142 ut
341 2080 509 2163 fingimus,
535 2083 646 2143 tamen
669 2101 738 2143 esse
763 2080 798 2144 in
821 2080 930 2149 animo
954 2077 1086 2164 quaedam

102 2167 224 2231 similia
247 2188 369 2250 eorum,
397 2189 478 2250 quae
502 2171 578 2231 sunt
599 2167 803 2251 incorpore,
832 2172 871 2233 ut
892 2169 983 2233 nullo
1005 2163 1087 2240 modo,

101 2255 165 2319 nisi
183 2259 220 2318 ut
237 2254 385 2338 exposui,
408 2255 563 2319 constitui
580 2256 686 2338 possit
707 2256 780 2320 finis
803 2256 971 2321 bonorum.
1006 2253 1087 2334 Chry·

103 2344 214 2426 sippus
247 2346 354 2406 autem
386 2363 548 2426 exponens
583 2342 781 2408 differentias
813 2345 1024 2409 animantium
1054 2335 1089 2403 ait

102 2431 184 2496 alias
217 2452 328 2496 earum
359 2451 494 2514 corpore
526 2431 693 2515 excellere,
730 2432 813 2496 alias
850 2430 958 2497 autem
994 2431 1120 2501 animus

101 2540 168 2584 non
194 2519 301 2584 nullas
329 2519 437 2583 valere
463 2523 601 2602 utraque
627 2541 675 2603 re3
704 2519 816 2587 deinde
840 2520 998 2604 disputat,
1023 2507 1092 2602 quod
1132 2554 1134 2567 ·

102 2607 254 2690 cuiusque
278 2607 405 2691 generis
429 2607 644 2670 animantium
667 2608 767 2672 statui
790 2607 902 2672 deceat
925 2613 1096 2694 extremum

103 2692 185 2759 Cum
212 2698 321 2759 autem
347 2694 509 2759 hominem
537 2695 572 2758 in
604 2715 642 2758 eo
670 2707 787 2780 genere
813 2695 991 2779 posuisset,
1015 2698 1049 2760 ut
1069 2704 1099 2752 οἱ

101 2782 260 2846 tribueret
278 2782 378 2847 animi
397 2782 634 2866 excellentiam,
656 2805 817 2849 summum
838 2784 959 2849 bonum
982 2784 1016 2848 id
1032 2798 1101 2849 con·

66 2866 70 2873 ’
103 2869 223 2953 stituit,
254 2892 320 2935 non
351 2875 389 2934 ut
420 2871 573 2935 excellere
606 2872 747 2956 animus,
780 2871 836 2936 sed
862 2876 899 2936 ut
926 2872 1009 2936 nihil
1038 2866 1134 2936 eceb-⁸¹

51 2959 229 3039 12praeter
252 2958 395 3021 animum
417 2958 587 3023 videretur.
632 2958 707 3024 Uno
731 2966 838 3024 autem
865 2954 962 3025 modo
991 2961 1025 3025 in
1044 2958 1109 3023 vir‘

101 3046 172 3108 tute
200 3044 272 3109 sola
301 3067 462 3109 summum
489 3046 610 3112 bonum
636 3051 723 3111 recte
751 3053 937 3132 poneretur,
966 3050 994 3114 si
1025 3028 1114 3132 quo(l

103 3135 189 3196 esset
207 3132 335 3215 animal,
353 3132 439 3215 quod
456 3135 563 3198 totum
576 3156 616 3198 ex
635 3139 742 3200 mente
762 3140 935 3221 constaret,
952 3137 987 3202 id
1004 3137 1118 3221 ipsum

102 3225 213 3285 tamen
246 3220 305 3298 sic,
336 3222 374 3283 ut
405 3241 444 3284 ea
475 3243 566 3287 mens
598 3223 681 3287 nihil
712 3223 848 3289 haberet
880 3225 916 3290 in
947 3247 995 3308 se,
1026 3205 1119 3309 quo(l

49 3325 83 3377 29
103 3311 189 3373 esset
211 3308 384 3373 secundum
406 3313 570 3394 naturam,
592 3315 630 3375 ut
652 3311 804 3376 valetudo
827 3316 885 3377 est.
930 3311 993 3378 Sed
1014 3312 1046 3377 id
1065 3306 1134 3375 ιιθ1

102 3396 241 3497 cogitari
254 3395 402 3551 {laidem
433 3403 543 3481 potest
572 3399 666 3482 quale
698 3399 754 3484 sit,
785 3403 824 3464 ut
854 3422 921 3467 non
952 3387 1122 3486 repugnot

98 3506 208 3568 ipsum
233 3507 261 3550 si
285 3508 304 3549 1.
