2346 3876
269 187 336 244 uua.
354 188 389 242 11.
417 187 495 243 cae.
514 193 630 244 ae-ro.
657 193 672 255 s
692 195 840 246 rao-ras.
1024 188 1066 253 75

52 353 90 416 ut
111 348 292 432 rideamus,
314 353 403 415 terra
424 351 595 435 penitusne
617 351 722 415 defixa
745 351 789 415 sit
811 355 844 416 et
867 351 959 436 quasi
981 351 1065 416 radi·

53 439 146 503 cibus
171 439 239 502 suis
262 438 396 503 haereat
418 461 461 503 an
482 439 588 504 media
617 437 777 523 pendeat?
821 438 974 504 Habitari
996 441 1044 504 ait
1067 461 1119 510 123

51 525 273 611 Xenophanes
304 526 339 590 in
370 527 461 608 luna,
493 548 627 611 eamque
650 549 720 591 esse
741 530 864 591 terram
891 527 1066 592 multarum

52 614 186 680 urbium
216 617 250 679 et
282 614 450 680 montium.
494 614 653 680 Portenta
674 614 836 699 videntum
869 615 925 678 sed
956 618 1067 680 tamen

28 724 112 768 aneo
138 702 212 786 ille,
244 703 300 787 qui
327 703 422 787 dixit,
453 704 559 767 iurare
587 703 694 786 possit
720 703 768 767 ita
790 724 825 767 se
846 723 915 766 rem
939 703 1067 786 habere,

51 810 160 876 neque
181 810 245 875 ego
268 791 412 856 nonita.
456 790 526 856 Vos
549 791 647 855 etiam
671 791 777 855 dicitis
801 812 871 856 esse
894 812 911 854 e
933 791 1066 875 regione

51 879 147 944 nobis
171 879 208 943 in
231 879 394 943 contraria
415 883 508 963 parte
531 882 647 962 terrae,
671 879 726 963 qui
749 879 892 943 advers-is
916 879 1065 963 vestigiis

53 971 142 1032 stent
167 969 280 1031 eontra
302 970 415 1032 nostra
437 967 591 1052 vestigia,
620 988 699 1051 quos
729 962 911 1044 ἀντίποδας
933 967 1066 1032 vocatis.

52 1053 117 1121 (lor
140 1054 226 1119 mihi
256 1055 362 1140 magis
389 1056 597 1140 suscensetis,
629 1055 685 1139 qui
716 1056 782 1119 ista
807 1077 874 1119 non
902 1077 1064 1140 aspernor,

28 1165 153 1228 aquarn
176 1143 234 1226 eis,
256 1143 312 1227 qui
334 1165 407 1207 aum
430 1143 574 1225 audiunt,
597 1142 746 1227 desipere¹
760 1165 819 1208 vos
843 1142 1065 1209 arbitrantur?

52 1231 190 1296 Hicetas
206 1228 406 1315 Syracosius,
419 1235 456 1295 ut
470 1231 518 1296 ait
532 1231 784 1314 Theophrastus,
803 1233 936 1317 caelum,
955 1233 1066 1315 solem,

53 1320 175 1403 lunam,
198 1319 319 1400 stellas,
342 1341 458 1403 supera
481 1320 616 1403 denique
630 1319 738 1385 omnia
761 1323 988 1404 starecenset,
1011 1342 1065 1384 ne-

53 1403 113 1492 que
136 1411 270 1492 praeter
292 1410 412 1471 terram
429 1428 499 1472 rem
512 1407 615 1472 ullam
637 1408 672 1472 in
690 1408 809 1472 mundo
824 1409 958 1491 moveri3
984 1429 1066 1493 quae

53 1517 126 1561 cunr
151 1495 273 1560 circum
301 1517 393 1559 axem
421 1517 455 1560 se
487 1517 613 1560 summa
640 1496 806 1561 celeritate
833 1499 1002 1560 convertat
1034 1499 1067 1560 et

28 1610 40 1650 a
52 1587 223 1669 torqueat,
255 1583 366 1647 eadem
394 1584 479 1648 effici
507 1585 627 1668 omnia,
659 1605 754 1668 quae,
787 1583 815 1647 si
844 1586 950 1648 stante
977 1587 1066 1647 terra

53 1673 181 1737 caelum
205 1674 396 1736 moveretur.
427 1673 535 1755 Atque
557 1672 618 1736 hoc
642 1672 742 1736 etiam
764 1670 935 1735 Platonem
957 1671 993 1734 in
1016 1671 1067 1735 'Ii-

51 1781 145 1826 maeo
170 1758 276 1824 dicere
299 1757 428 1843 quidam
452 1761 666 1844 arbitrantur,
690 1759 745 1824 sed
768 1760 865 1843 paulo
889 1759 1066 1824 obscurius.

53 1848 137 1925 Quid
156 1850 203 1927 tu,
220 1846 384 1931 Epicure?
403 1849 550 1932 loquere3
569 1852 665 1931 putas
681 1849 782 1912 solem
797 1868 866 1912 esse
880 1848 1066 1912 tantulum?

53 1972 94 1983 -
118 1935 195 2020 Ego
218 1957 260 1999 ne
282 1935 333 2000 bis
357 1935 485 2020 quidem
508 1939 645 2001 tantum.
666 1972 711 1982 -
733 1934 779 1999 Et
796 1957 853 2000 vos
873 1937 915 2001 ab
938 1936 995 2001 illo
1019 1937 1066 1999 in-

28 2023 206 2089 aridemini
229 2026 262 2087 et
288 2023 351 2107 ipsi
378 2023 471 2089 illum
493 2023 638 2089 vicissim
660 2023 800 2088 eluditis.
844 2023 943 2088 Liber
965 2025 1067 2108 igitur

53 2134 73 2177 a
93 2112 159 2177 tali
180 2111 337 2176 inrisione
360 2109 520 2196 Socrates,
542 2112 627 2177 liber
644 2111 757 2176 Aristo
777 2111 887 2196 Ohius,
910 2113 965 2196 qui
983 2112 1066 2177 nihil

52 2201 194 2266 istorum
227 2198 303 2265 sciri
333 2203 428 2282 putat
458 2221 563 2284 posse.
613 2198 676 2265 Sed
702 2199 797 2265 redeo
827 2200 867 2264 ad
899 2201 1043 2265 animum
1068 2218 1120 2268 124

53 2293 86 2354 et
108 2310 238 2373 corpus.
285 2285 413 2352 Satisne
435 2290 566 2353 tandem
589 2310 628 2352 ea
649 2291 728 2352 nota
751 2292 827 2353 sunt
848 2289 954 2372 nobis,
984 2310 1065 2373 quae

51 2398 230 2441 nervorum
251 2380 370 2454 natura
392 2376 446 2460 sit,
469 2398 549 2460 quae
568 2376 745 2441 venarum?
767 2379 966 2459 tenemusne,
989 2377 1066 2461 quid

28 2465 98 2530 usit
122 2465 274 2548 animus,
287 2463 345 2528 ubi
368 2464 435 2529 sit?
463 2464 598 2549 denique
621 2465 707 2528 sitne
730 2486 785 2543 an,
807 2468 845 2528 ut
866 2463 1064 2528 Dicaearcho

52 2553 162 2618 visum
186 2556 249 2636 cst,
270 2572 311 2615 ne
334 2552 378 2617 sit
401 2551 529 2637 quidem
552 2551 659 2617 ullus?
689 2553 718 2616 si
740 2555 802 2634 est,
831 2552 932 2616 trisne
955 2554 1065 2634 partes

54 2640 192 2724 habeat,
214 2643 252 2704 ut
272 2639 402 2705 Platoni
423 2641 560 2724 placuit,
583 2640 734 2724 rationis,
761 2639 842 2722 irae,
869 2638 1066 2722 cupiditatis,

54 2751 96 2793 an
120 2728 261 2810 simplex
283 2749 427 2813 unusque
451 2728 515 2793 sit?
549 2729 578 2792 si
601 2729 749 2812 simplex,
775 2731 884 2791 utrum
907 2726 951 2791 sit
978 2728 1065 2814 ignis

55 2839 97 2880 an
130 2816 241 2881 anima
273 2838 316 2880 an
348 2817 480 2902 sanguis
514 2839 570 2900 an,
600 2820 638 2880 ut
668 2816 881 2893 Xenocrates,
911 2837 1065 2881 numerus

28 2905 147 2970 anullo
175 2902 332 2987 corpore?
364 2901 464 2990 (quod
496 2905 641 2990 intellegi
668 2904 763 2989 quale
791 2904 835 2969 sit
857 2904 911 2968 vix
942 2904 1065 2991 potest)

54 2997 96 3078 et,
119 2991 276 3077 quidquid
290 2996 349 3076 est,
371 2993 506 3058 mortale
521 2994 565 3057 sit
584 3015 625 3057 an
639 2992 829 3057 aeternum?
851 3015 927 3057 nam
941 2999 1062 3058 utram·

53 3102 115 3165 que
140 3081 175 3144 in
199 3084 326 3163 partem
347 3081 450 3145 multa
473 3081 631 3146 dicuntur.
661 3079 787 3146 Horum
811 3078 933 3165 aliquid
957 3085 1064 3146 vestro

53 3169 198 3253 sapienti
212 3171 334 3232 certum
349 3168 486 3252 videtur,
504 3173 625 3253 nostro,
638 3190 678 3232 ne
693 3168 768 3254 quid
783 3170 921 3233 maxime
936 3169 1065 3253 quidem

52 3255 226 3338 probabile
250 3256 306 3338 sit,
338 3256 489 3339 occurrit3
521 3258 570 3321 ita
593 3260 669 3321 sunt
696 3257 732 3321 in
754 3257 915 3341 plerisque
938 3259 1064 3320 contra-

28 3343 180 3408 uriarum
215 3343 379 3408 rationum
419 3345 513 3428 paria
549 3349 721 3410 momenta.
776 3343 835 3410 Sin
871 3343 940 3426 agis
976 3325 1118 3406 vere-40

54 3430 194 3495 condius
226 3435 260 3496 et
290 3453 341 3496 ure
373 3453 520 3515 accusas,
551 3455 618 3498 non
649 3432 734 3517 quod
764 3432 830 3495 tuis
862 3429 1041 3493 rationibus
1066 3413 1118 3464 ¹²⁶

52 3539 121 3584 non
144 3517 321 3602 adsentiar,
349 3520 408 3584 sed
428 3521 516 3604 quod
537 3521 654 3610 nullis,
683 3522 819 3590 uincam
842 3519 997 3587 animum
1016 3517 1084 3584 eiii·
