2346 3876
101 147 167 211 286
297 145 596 202 TUSCULANARUM
614 146 917 202 DISPUTATIONUM

20 319 24 326 ’
102 309 277 373 discessum
301 308 402 373 animi
426 330 445 372 a
468 328 602 391 corpore
624 310 740 391 putent
762 329 832 372 esse
856 311 1012 392 mortem;
1038 314 1112 373 sunt

101 397 156 479 qui
178 397 303 461 nullum
326 400 480 461 censeant
501 396 572 460 fieri
594 396 785 479 discessum,
807 395 950 461 seduna
968 397 1110 460 animum

102 488 135 548 et
162 505 277 568 corpus
306 485 462 569 occidere,
491 484 695 568 animumque
725 485 759 548 in
792 505 928 566 corpore
958 485 1110 568 extingui.

101 572 164 649 Qui
191 571 352 637 discedere
381 573 524 636 animum
552 575 697 655 censent,
725 571 782 635 alii
805 571 919 635 statim
949 572 1109 655 dissipari,

101 660 156 724 alii
179 660 233 724 diu
255 681 457 745 permanere,
480 660 536 724 alii
560 681 693 743 semper.
744 659 828 736 Quid
851 658 896 723 sit
918 681 1018 743 porro
1041 661 1131 743 ipses

101 750 226 812 animus
250 751 306 812 ant
328 748 384 812 ubi
408 752 464 812 aut
486 748 583 830 unde,
607 768 726 832 magua
749 747 907 812 dissensio
932 751 991 812 est.
1028 747 1107 812 Aliis

101 858 157 902 cor
173 837 281 919 ipsum
301 836 427 900 animus
446 834 581 919 videtur,
600 857 638 900 ex
657 856 719 918 quo
739 835 935 918 excordes,
953 858 1106 901 vaecor-

100 924 163 988 des
192 923 476 1008 concordesque
505 923 654 987 dicuntur
681 926 715 986 et
737 921 858 987 Nasica
889 923 946 986 ille
971 923 1106 1007 prudens

101 1012 151 1075 bis
174 1012 287 1077 consul
311 1008 516 1076 Corculum
540 1015 572 1074 et

100 1135 271 1218 Egregie
299 1133 433 1199 cordat
419 1138 480 1198 tus
507 1133 633 1216 homo,
660 1136 768 1198 catus
797 1132 933 1197 Aelius
964 1133 1106 1199 Sextus.
1118 1158 1139 1194 a

49 1296 80 1342 19
100 1272 312 1357 Empedocles
341 1275 484 1338 animum
513 1295 582 1338 esse
612 1277 722 1338 censet
747 1273 836 1338 cordi
858 1273 1017 1338 suffusum
1041 1297 1106 1339 sau·

100 1362 244 1447 guinem3
278 1363 352 1427 aliis
379 1384 455 1446 pars
484 1361 639 1445 quaedam
669 1361 792 1427 cerebri
823 1361 896 1426 visa
928 1365 980 1426 est
1012 1362 1106 1427 animi

100 1451 316 1535 principatum
344 1455 468 1533 tenere,
501 1449 574 1513 aliis
601 1471 661 1514 nec
688 1471 743 1514 cor
773 1449 882 1533 ipsum
912 1450 1022 1533 placat
1051 1470 1106 1514 nec

101 1538 224 1603 cerebri
251 1538 412 1621 quandam
443 1541 568 1621 partem
600 1558 670 1601 esse
703 1537 858 1620 animum,
899 1538 956 1602 sed
989 1538 1083 1602 alii
1074 1559 1105 1601 ιιι

101 1626 209 1704 corde,
238 1627 294 1690 alii
321 1626 355 1691 in
383 1626 513 1690 cerebro
541 1625 691 1689 dixerunt
718 1624 818 1689 animi
845 1646 915 1688 esse
946 1627 1056 1690 sedem
1077 1628 1134 1689 otu

100 1716 221 1793 locum,
254 1714 398 1778 animum
426 1718 533 1777 autem
561 1712 619 1776 alii
651 1713 807 1790 animam,
838 1716 876 1777 ut
906 1712 976 1778 fere
1008 1712 1105 1779 nostri

101 1799 282 1886 (declarant
298 1802 443 1885 uomina3
462 1823 538 1864 nam
556 1804 590 1864 et
608 1821 722 1884 agere
741 1800 905 1864 animam
923 1804 958 1864 et
971 1801 1106 1866 efflare

100 1889 235 1954 dicimus
273 1895 305 1953 et
342 1890 534 1954 animosos
571 1892 605 1952 et
640 1889 734 1952 bene
772 1888 967 1953 animatos
1000 1893 1035 1953 et
1068 1910 1105 1952 ex

103 1978 221 2042 animi
250 1977 459 2060 sententia,
487 1976 557 2059 ipse
587 1980 696 2041 autem
724 1976 873 2040 animus
907 1977 949 2040 ab
983 1977 1105 2042 anima

51 2065 206 2133 lOdictus
230 2063 306 2149 est);
329 2063 449 2128 Zenoni
473 2061 582 2128 Stoico
607 2063 733 2128 animus
755 2063 840 2147 ignis
866 2064 1004 2130 ridetur.
1049 2063 1130 2128 Sedu

100 2153 180 2216 haec
216 2152 360 2236 quidem,
396 2173 477 2235 quae
513 2151 593 2234 dixi,
629 2172 702 2233 cor,
739 2152 924 2235 cerebrum,
962 2153 1103 2231 animam,

100 2241 211 2324 ignem
241 2240 355 2322 vulgo,
387 2239 513 2324 reliqua
549 2239 615 2302 fere
652 2239 786 2323 singuli,
821 2243 859 2303 ut
894 2241 1001 2306 multo
1038 2243 1103 2304 ante

101 2332 239 2410 veteres,
266 2328 411 2411 proxime
439 2330 547 2391 autem
579 2327 807 2411 Aristoxenus,
839 2329 983 2393 musicus
1014 2327 1103 2393 idem·

102 2438 163 2499 que
182 2415 435 2499 philosophus,
425 2415 528 2499 1psius
548 2416 699 2522 corporis
712 2415 925 2480 intentionem
940 2416 1103 2499 quandam,

100 2504 221 2568 velut
212 2527 247 2568 in
270 2506 424 2568 cantuet
409 2503 562 2567 tfidibus
581 2524 663 2585 quae
682 2497 826 2586 ἁρμονία
849 2502 981 2587 dicitur;
1005 2505 1129 2569 sicera

101 2593 245 2675 corporis
275 2592 376 2656 totius
406 2594 524 2655 natura
554 2595 587 2654 et
616 2592 720 2675 figura
752 2591 860 2656 varios
893 2554 1003 2656 motuis
1036 2588 1103 2656 cieri

49 2691 82 2736 so
101 2679 304 2762 tamquam
295 2701 330 2742 ru
357 2681 452 2743 cantu
482 2699 587 2743 sonos.
632 2678 695 2742 Hic
723 2678 763 2742 ab
792 2679 929 2743 artificio
959 2702 1018 2745 suo
1046 2697 1104 2743 non

101 2767 235 2830 recessit
267 2770 299 2829 et
329 2771 440 2831 tamen
472 2766 554 2830 dixit
586 2765 721 2850 aliquid,
759 2766 845 2851 quod
875 2766 986 2850 ipsum
1018 2765 1103 2851 quale

102 2856 200 2937 esset,
232 2858 303 2918 erat
334 2853 436 2918 multo
469 2857 543 2919 ante
576 2857 609 2918 et
641 2854 762 2918 dictum
794 2857 827 2918 et
854 2855 1062 2937 explanatum
1090 2872 1104 2914 a

101 2941 247 3006 Platone.
297 2939 494 3005 Xenocrates
524 2941 623 3005 animi
650 2942 789 3026 figuram
816 2944 850 3005 et
877 2944 970 3025 quasi
999 2958 1131 3024 corpusu

101 3028 234 3112 negavit
257 3048 341 3109 esse,
364 3030 503 3108 [verum]
527 3050 697 3093 numerum
720 3029 803 3093 dixit
825 3051 909 3112 esse,
940 3029 1105 3106 cuiusvis,

101 3121 138 3180 ut
156 3115 223 3179 iam
238 3117 314 3178 ante
328 3114 533 3198 Pythagorae
552 3117 658 3181 visum
677 3121 755 3199 erat,
773 3119 807 3181 in
825 3120 944 3182 natura
963 3136 1105 3184 maxuma

102 3207 195 3267 esset.
256 3201 336 3266 Eius
370 3202 483 3266 doctor
513 3204 608 3269 Plato
640 3204 801 3288 triplicem
833 3205 928 3268 finxit
961 3207 1105 3284 animum,

101 3291 191 3355 ouius
214 3291 447 3373 principatum,
470 3289 502 3354 id
527 3295 576 3355 est
597 3292 771 3372 rationem,
794 3291 954 3375 incapite
975 3294 1058 3358 sicut
1077 3293 1105 3355 in

103 3400 175 3442 arce
197 3379 322 3462 posuit,
346 3382 379 3442 et
401 3378 480 3442 duas
503 3383 613 3462 partes
637 3380 667 3443 ei
688 3401 802 3463 parere
827 3381 947 3459 voluit,
975 3383 1058 3446 iram
1080 3381 1106 3442 et
1116 3397 1134 3438 u

100 3467 326 3552 cupiditatem,
355 3488 433 3552 quas
456 3469 522 3532 sctis
552 3467 641 3548 locis,
663 3468 745 3532 iram
768 3467 970 3552 inpactum,
994 3467 1105 3552 cupidi-
