2346 3876
213 144 280 199 LIB.
299 145 320 200 I.
349 144 424 201 CAP.
443 151 565 202 uv-*re
594 151 609 211 ξ
629 152 750 202 66-71.
927 145 992 210 305

51 305 126 373 Sub
158 309 231 372 'siue
266 307 397 391 posits
433 307 478 371 ad
514 307 655 372 stillas
698 311 855 390 septem,
895 308 992 372 unde

118 415 121 419 ·
734 394 905 460 h6rrifer

49 483 258 567 Aquilonis
282 483 429 549 stridor
452 483 600 568 gelidas
624 483 785 547 molitrir
806 483 930 566 nives,

34 643 86 686 era
116 622 281 706 australis,
310 624 424 708 ignota
452 624 563 707 nobis,
600 645 696 709 quam
728 626 846 689 vocant
877 621 993 687 Graeci

34 713 187 794 ιίχθονα,
215 714 338 776 ceteras
365 711 467 795 partis
494 711 648 794 incultae,
675 711 761 795 quod
789 715 845 775 aut
871 709 992 794 frigore
1011 725 1044 774 69

34 802 110 876 :eant
129 803 187 863 aut
204 803 339 863 urantur
357 800 478 882 calore,
501 799 555 864 hic
579 803 702 883 autem,
724 799 781 864 ubi
799 799 993 882 habitamus,

34 907 50 951 n
71 886 262 951 intermittit
285 908 342 951 suo
368 891 513 971 tempore

51 1025 208 1092 Caeldm
229 1026 436 1111 nitescere,
462 1027 620 1092 sirbores
643 1026 904 1110 frondescere,

51 1115 161 1180 Vite's
185 1114 386 1179 laetificae
408 1117 603 1199 pimpinis
626 1116 849 1198 pubescere,

49 1201 163 1269 Romi
182 1203 364 1268 bacarum
386 1204 565 1268 ubertate
590 1204 872 1282 incurvescere,

52 1289 213 1376 segetes
237 1290 377 1374 largiri
398 1291 545 1375 irriges,
565 1291 710 1356 florere
734 1292 874 1374 omnic,

47 1378 196 1442 Fonte's
221 1382 382 1460 sceiere,
404 1377 535 1443 herbis
557 1381 670 1462 prits
693 1378 962 1460 convestirier,

34 1559 53 1601 n
84 1536 330 1602 multitudinem
366 1538 524 1620 pecudum
560 1537 680 1619 partim
717 1537 756 1600 ad
792 1535 992 1618 vescendum,

34 1626 103 1692 ism
119 1623 166 1688 sd
184 1625 288 1688 cultus
309 1645 476 1709 agrorum,
499 1626 619 1709 partim
643 1623 683 1688 sd
706 1622 898 1706 vehendum,
921 1645 992 1705 par-
1038 1621 1045 1633 ’

34 1712 111 1778 ι,αά
139 1733 275 1795 corpora
302 1713 482 1795 vestienda,
510 1712 737 1796 hominemque
764 1713 871 1794 ipsum
900 1711 991 1793 quasi

34 1799 274 1883 rtcmplstorem
302 1801 384 1864 caeli
412 1822 449 1864 ac
476 1801 607 1865 deorum
637 1800 794 1864 cultorem
817 1802 913 1882 atque
936 1797 992 1862 ho-

34 1890 81 1954 nis
100 1888 238 1952 utilitati
256 1908 353 1972 agros
372 1889 477 1958 omnis
496 1892 529 1952 et
548 1889 651 1953 maris
668 1888 816 1971 parentis
835 1910 890 1950 -:
913 1885 992 1950 haec
1011 1904 1045 1952 το

34 1980 85 2041 tur
104 1980 137 2040 et
156 1975 221 2040 elio
239 1975 489 2041 innumerabilis
503 1999 576 2041 cum
594 1978 764 2059 cernimus,
781 1995 993 2059 possumusne

34 2065 145 2146 sitire,
169 2063 248 2147 quin
268 2064 310 2129 iis
333 2065 458 2147 praesit
481 2063 596 2147 aliquis
620 2065 671 2128 vel
694 2065 840 2146 effector,
864 2063 891 2126 si
913 2061 993 2127 haec

34 2175 60 2218 u
84 2155 174 2234 sunt,
197 2155 234 2217 ut
256 2151 387 2217 Platoni
409 2152 548 2235 videtur,
570 2153 634 2236 vel,
657 2153 685 2217 si
706 2173 833 2235 semper
854 2151 993 2231 fuerunt,

34 2238 207 2307 Aristoteli
225 2240 340 2322 placet,
358 2240 543 2304 moderator
560 2241 645 2305 tanti
659 2241 766 2323 operis
780 2243 814 2304 et
827 2238 993 2304 muneris?

34 2377 35 2384 κ
66 2330 212 2395 mentem
243 2327 398 2410 hominis,
430 2327 575 2410 quamvis
604 2350 675 2392 eam
707 2349 771 2392 non
802 2326 924 2408 videas,
955 2330 993 2390 ut

34 2439 79 2482 rm
102 2438 169 2480 non
191 2415 294 2498 vides,
316 2418 438 2499 tamen,
461 2420 499 2480 ut
522 2415 616 2481 deum
635 2414 805 2498 adgnoscis
827 2435 866 2476 ex
889 2414 992 2495 operi-

34 2527 44 2570 s
67 2504 151 2586 eius,
175 2502 221 2568 sic
239 2524 279 2567 ex
297 2503 453 2570 memoris
474 2524 581 2567 rerum
601 2504 634 2566 et
656 2501 842 2565 inventione
859 2504 895 2565 et
913 2501 992 2564 cele·

34 2596 80 2658 ce
104 2595 214 2656 motus
237 2591 387 2674 omnique
408 2590 648 2674 pulchritudine
673 2588 801 2652 virtutis
824 2587 891 2652 vim
913 2586 992 2651 divi·

34 2703 60 2745 n
83 2680 203 2744 mentis
229 2678 427 2762 adgnoscito.

47 2767 89 2833 In
112 2789 175 2852 quo
198 2766 299 2850 igitur
322 2766 392 2830 loco
416 2766 487 2831 est?
533 2762 636 2829 Credo
660 2763 807 2848 equidem
830 2765 865 2828 in
887 2762 993 2846 capite
1002 2767 1045 2831 29

57 2877 114 2920 cur
141 2855 283 2937 credam,
310 2854 435 2918 adferre
463 2874 604 2936 possum.
650 2850 712 2917 Sed
739 2851 834 2928 alias,
862 2851 918 2915 ubi
949 2851 994 2915 sit

34 2947 129 3026 imus,
152 2946 237 3007 certe
260 2941 388 3026 quidem
411 2941 447 3004 in
470 2945 502 3005 te
526 2945 582 3004 est.
619 2940 708 3017 Quae
732 2943 783 3005 est
801 2939 831 3004 ei
852 2939 992 3003 natura?

34 3033 135 3116 spria,
164 3035 256 3114 puto,
286 3034 320 3094 et
349 3051 416 3095 sua.
470 3026 532 3092 Sed
558 3027 610 3092 foc
637 3028 782 3112 igneum,
812 3027 864 3092 fac
891 3028 993 3109 spira-

34 3143 97 3204 em,
120 3118 204 3183 nihil
224 3117 263 3182 sd
281 3117 328 3200 id,
347 3117 386 3181 de
405 3138 468 3200 quo
488 3117 623 3200 egimus.
659 3115 745 3182 lllud
762 3116 858 3180 modo
877 3115 993 3196 videto,

42 3208 139 3273 deum
160 3206 264 3289 noris,
292 3205 353 3271 etsi
377 3207 445 3268 eius
473 3204 603 3289 ignores
627 3207 660 3269 et
685 3205 791 3269 locum
815 3205 848 3266 et
868 3201 992 3281 faciem,

58 3297 203 3362 animum
230 3293 293 3358 tibi
319 3297 413 3358 tuum
438 3297 551 3358 notum
579 3313 650 3357 esse
677 3295 838 3374 oportere,
866 3289 992 3353 etiamsi

34 3405 115 3451 rores
139 3387 172 3448 et
194 3383 301 3446 locum
324 3384 357 3446 et
379 3379 525 3445 formam.
570 3378 610 3445 In
633 3379 734 3445 enimi
752 3381 860 3442 autem
884 3376 992 3460 cogni·
1012 3396 1044 3446 71

34 3495 73 3539 ne
100 3471 248 3536 dubitare
275 3491 343 3535 non
369 3489 555 3551 possumus,
581 3467 645 3533 nisi
671 3467 768 3551 plane
789 3465 826 3530 in
847 3463 992 3547 physicis
1101 3506 1111 3561 4

37 3576 92 3619 010.
104 3577 146 3617 1v.
160 3577 179 3616 ι,
242 3605 244 3609 ,
752 3573 791 3622 ‘tt
