2346 3876
91 163 161 217 LIB.
176 163 198 217 Ι.
218 161 293 218 ΟΑΡ.
310 168 350 228 12.
366 167 385 236 fi
398 168 512 218 43-46.
530 162 636 217 ACAD.
650 161 768 219 PRIOR.
782 163 849 219 LIB.
864 163 898 216 II.
917 162 999 218 ΑΒΘ.
1026 164 1067 227 19

60 326 152 408 lant,
186 346 267 408 quae
298 324 378 388 mihi
411 327 504 388 vetus
535 324 677 409 videtur,
712 326 868 409 siquidem
899 326 1069 390 Platonem

61 435 101 477 ex
130 413 191 477 illa
220 416 326 476 vetere
355 433 572 495 numeramus,
603 413 692 477 cuius
721 415 757 477 in
785 414 878 478 libris
907 413 989 477 nihil
1017 412 1070 476 ad-

59 502 212 565 firmatur
242 504 275 566 et
305 501 339 564 in
370 502 537 583 utrumque
568 504 695 584 partem
726 502 829 566 multa
861 501 1069 583 disseruntur,

60 589 100 653 de
130 589 282 654 omnibus
310 588 488 672 quaeritur,
513 587 595 652 nihil
623 589 702 653 certi
726 590 854 672 dicitur,
882 589 938 652 sed
959 592 1070 653 tamen

31 677 135 761 silla,
166 698 265 761 quam
296 675 488 760 exposuisti,
519 679 624 759 vetus,
655 676 734 741 haec
764 698 849 741 nova
878 676 1069 752 nominetur,

59 761 1071 935 utillud„thdtbsslzltllhlhbulbul

60 938 244 1004 Carneades
272 943 380 1003 autem
406 938 527 1003 nullius
554 939 779 1023 philosophiae
805 940 910 1024 partis
937 939 1069 1024 ignarus

60 1032 108 1111 et,
136 1031 173 1093 ut
201 1027 337 1111 cognovi
363 1047 402 1090 ex
428 1026 484 1110 iis,
512 1028 567 1110 qui
593 1026 687 1091 illum
710 1023 892 1112 audierant,
919 1027 1071 1092 maxime·

18 1141 45 1180 ιο
59 1137 124 1200 que
151 1137 191 1180 ex
220 1114 381 1198 Epicureo
408 1113 548 1192 Zenone,
575 1115 630 1198 qui
657 1136 730 1180 cum
758 1117 798 1180 ab
829 1139 866 1181 ec
894 1116 1070 1199 plurimum

60 1203 264 1280 dissentiret,
296 1223 395 1266 unum
425 1206 536 1266 tamen
566 1206 696 1285 praeter
727 1208 849 1270 ceteros
881 1204 1071 1285 mirabatur,

57 1289 244 1356 incredibili
268 1290 405 1373 quadam
427 1289 490 1353 fuit
517 1289 672 1355 facultate
700 1296 733 1356 et
760 1294 851 1375 copia
878 1293 1004 1358 dicendi.
1019 1341 1026 1355 .
1041 1338 1070 1356 ..

463 1484 674 1493 -a-————.-

312 1643 360 1715 Μ.
389 1642 549 1714 runnu
577 1642 825 1716 ciceronis

111 1790 666 1929 AOADEMIOQRUM
709 1793 1018 1892 PRIORUM

383 1961 505 2021 LIBER
532 1961 752 2036 SECUNDUS,

304 2075 367 2142 QUI
386 2076 620 2132 lNSCRIBlTUR
637 2076 832 2133 LUCULLUS.

402 2330 735 2391 ARGUMENTUM.

130 2444 260 2500 Diximus
278 2460 362 2515 supra
380 2445 417 2499 ad
434 2446 664 2500 Academicorum
688 2445 875 2515 posteriorum
893 2447 996 2502 librum
1013 2449 1071 2518 pri-

58 2534 138 2570 mum
162 2516 282 2570 duarum
303 2515 417 2569 illamm
441 2515 597 2570 editionum
618 2517 717 2570 horum
739 2516 886 2583 librorum,
912 2535 980 2585 quas
999 2519 1071 2572 ,fecit

60 2587 174 2655 Cicero,
199 2585 363 2655 posterioris
388 2584 496 2640 amissis
519 2586 597 2640 libris
620 2586 710 2640 tribus
732 2585 801 2640 totis
825 2584 946 2656 primum
967 2587 1070 2642 librum

60 2655 328 2781 pipmqucmutihlrtm
345 2655 474 2779 relicltipm
492 2672 572 2779 esse,
584 2655 684 2725 prioris
704 2658 798 2710 autem
817 2656 947 2780 edptionis
963 2657 1069 2782 {misso

100 2744 132 2782 ro
172 2742 282 2780 norea
307 2742 385 2780 emm
447 2743 508 2780 mm
530 2743 671 2780 merum
694 2743 753 2781 esse
772 2743 852 2781 serva
864 2744 919 2782 um.
991 2745 1071 2782 crum

60 2744 198 2851 librcriim
219 2795 308 2865 prior,
331 2796 406 2864 quod
433 2796 462 2850 in
485 2812 518 2851 eo
544 2745 658 2851 Catirlus
684 2797 791 2867 priores
818 2799 913 2867 partes
941 2799 1070 2868 obtinuit,

62 2866 205 2921 Catulus
223 2866 376 2920 vocabatur
394 2866 430 2921 ab
448 2869 573 2932 auctore,
592 2868 676 2934 alter,
694 2867 724 2920 in
738 2883 792 2936 quo
806 2867 927 2937 primum
945 2869 1070 2938 loquitur

60 2937 208 3005 Lucullus,
223 2937 268 2990 cui
281 2935 412 3006 deinceps
425 2937 576 3005 respondet
591 2937 651 3006 ipse
666 2935 774 3003 Cicero,
792 2937 955 2992 Lucullus
973 2942 1069 3011 appel-

61 3007 181 3061 labatur.
215 3006 418 3075 Argumentum
438 3007 635 3080 autemhuius
660 3006 725 3060 libri
747 3008 801 3062 hcc
824 3010 874 3062 est.
915 3009 1070 3080 Postquam

62 3076 158 3132 Cicero
180 3077 212 3130 in
232 3077 377 3146 prooemio
401 3077 436 3130 de
454 3076 583 3131 laudibus
600 3076 722 3145 Luculli,
748 3078 783 3131 de
801 3078 931 3134 instituto
950 3098 1012 3148 suo,
1034 3082 1068 3134 de

63 3147 273 3217 opportunitate
290 3146 372 3202 huius
389 3145 476 3216 ipsius
495 3146 689 3217 disputationis
714 3147 796 3216 dixit,
819 3149 951 3204 Lucullus
969 3152 1034 3205 inde
1052 3167 1070 3203 a

62 3234 121 3287 cap.
141 3223 160 3276 4
185 3216 301 3286 suscipit
319 3216 536 3286 disputationem
554 3219 652 3272 contra
668 3218 851 3274 Academicos
875 3223 904 3274 et
921 3221 1068 3274 Philonem

62 3287 96 3342 ab
119 3287 274 3354 Antiocho,
302 3303 420 3355 quocum
443 3288 652 3374 saepefuerat,
676 3291 828 3358 acceptam.
870 3291 937 3344 Eius
961 3307 1068 3344 summa

62 3357 131 3413 haec
159 3360 215 3411 est:
247 3357 315 3410 Esse
339 3361 514 3426 καταληπτα,
529 3373 613 3427 .quae
642 3359 839 3427 comprehendi
865 3359 985 3429 possint,
1012 3361 1067 3413 hoc
1147 3401 1150 3404 -

63 3429 118 3494 est,
145 3445 162 3482 a
190 3426 351 3482 definitione
373 3428 504 3492 Zenonis,
527 3445 611 3497 quum
632 3429 775 3497 redarguit
797 3428 891 3499 Philo,
914 3429 984 3482 talia
1006 3428 1067 3483 visa

64 3499 242 3568 (φαντασίας)
264 3497 400 3567 impressu
419 3500 447 3554 et
470 3497 563 3555 efficta
585 3515 618 3556 ex
637 3515 685 3571 ec,
707 3499 785 3558 unde
802 3499 877 3573 sint,
898 3498 999 3571 sualua
1018 3516 1082 3555 esse

888 3592 930 3648 ‹2ss
