2356 3870
235 160 305 216 ΜΒ.
323 161 357 215 11.
385 159 463 216 oar.
482 166 529 229 aa,
549 166 592 215 oc.
619 165 634 226 s
654 166 810 214 roa-rra.
965 157 1028 222 165

40 322 138 405 partim
160 343 257 387 cursu
274 325 309 385 et
330 321 556 406 peragratione
578 321 755 403 laetantur,
778 321 1027 406 congregatione

40 409 104 474 uliae
126 413 252 474 coetum
274 408 415 492 quodam
433 409 529 474 modo
550 408 692 473 civitatis
715 409 1004 491 imitantur;·vide·
1031 419 1080 467 110

40 519 92 562 nus
121 498 157 561 in
187 497 328 581 quodam
355 497 532 562 volucrium
559 517 676 581 genere
704 518 770 562 non
792 495 883 560 nulla
909 496 1028 560 indicia

40 585 165 668 oiamtis,
198 585 433 670 cognitionem,
468 586 673 668 memoriam,
709 585 744 649 in
780 584 892 648 multis
928 585 1027 647 etism

40 673 177 738 lesideria
203 674 357 738 videmus.
410 671 501 757 Ergo
527 673 562 737 in
588 672 702 736 bestiis
725 675 823 736 erunt
854 675 977 735 secreta
1008 693 1028 735 a

40 761 185 845 uoluptate
217 760 431 825 humanarum
463 760 620 843 quaedam
654 760 826 825 simulacra
862 759 1027 840 virtutum,

40 871 59 913 n
81 849 159 934 ipsis
187 848 374 913 hominibus
402 848 505 912 virtus
532 848 596 913 nisi
618 848 795 931 voluptatis
818 869 916 912 eausa
937 846 1027 911 nulla

40 937 105 1002 trit?
137 940 170 1000 et
201 936 340 1019 homini,
372 936 428 1019 qui
460 936 573 1000 ceteris
607 936 822 1000 animantibus
853 935 1028 1020 plurimum

40 1028 174 1108 ¹orcaestat,
192 1023 364 1108 praecipue
376 1046 396 1087 a
413 1027 532 1088 natura
548 1022 632 1087 nihil
653 1023 762 1087 datum
777 1045 847 1087 esse
865 1023 1029 1087 dicemus?
1039 1071 1058 1134 3
1060 1074 1080 1133 4

87 1111 155 1178 Nos
169 1133 256 1195 vero,
274 1110 482 1195 siquidcmrin
496 1112 663 1195 voluptate
681 1115 757 1175 sunt
775 1113 892 1193 omnia,
910 1112 1006 1196 longe
1031 1149 1079 1196 111

40 1200 221 1284 uultumque
252 1221 439 1283 superemur
470 1220 490 1263 a
520 1199 647 1277 bestiis,
687 1200 803 1282 quibus
835 1200 907 1283 ipsa
942 1204 1029 1263 terra

40 1285 127 1353 lundit
154 1309 193 1352 ex
225 1309 296 1352 sesa
322 1291 436 1371 pastus
462 1287 569 1352 varios
598 1291 693 1372 atque
721 1287 920 1352 abundantes
946 1287 1029 1352 nihil

40 1374 260 1458 laborantibus,
282 1375 378 1439 nobis
397 1377 507 1439 autem
528 1378 585 1439 aut
606 1375 659 1439 vix
682 1378 739 1439 aut
760 1397 800 1439 ne
823 1375 877 1440 vix
900 1375 1028 1458 quidem

40 1466 198 1547 suppetunt
214 1463 317 1528 multo
334 1463 446 1528 labore
468 1463 707 1546 quaerentibus.
742 1462 811 1527 Neo
829 1466 938 1527 tamen
960 1462 1028 1527 ullo

40 1551 118 1617 nodo
142 1573 305 1616 summum
325 1551 457 1635 pecudis
480 1552 602 1616 bonum
626 1554 659 1616 et
678 1551 818 1615 hominis
841 1550 926 1614 idem
948 1550 1029 1614 mihi

40 1638 122 1704 rideri
143 1642 260 1724 potest.
305 1638 389 1715 Quid
412 1639 497 1703 enim
518 1642 612 1704 tanto
637 1661 718 1721 opus
744 1641 793 1702 est
815 1639 1029 1703 instrumento

40 1723 209 1811 inoptimis
233 1727 359 1791 artibus
381 1727 631 1811 comparandis?
658 1726 736 1810 quid
756 1729 849 1789 tanto
873 1745 1030 1789 concursu

40 1811 323 1881 honestissimorum
352 1815 544 1897 studiorum,
569 1819 661 1879 tanto
685 1815 842 1878 virtutum
865 1813 1030 1895 comitata,

40 1900 112 1967 siea
132 1903 258 1967 nullam
281 1903 321 1967 ad
351 1903 449 1967 aliam
476 1923 545 1966 rem
571 1902 635 1966 nisi
662 1902 703 1966 ad
730 1902 929 1985 voluptatem
957 1920 1030 1965 oon·
1056 1974 1059 1980 ¹

40 1989 214 2071 quiruntur‘l
273 1990 332 2073 Ut,
369 1992 397 2054 si
432 1988 568 2075 Xerxes,
605 2011 678 2054 cum
713 1991 812 2054 tantis
849 1989 1005 2054 elassibus
1030 2000 1080 2047 112

40 2079 185 2162 tantisque
205 2078 407 2162 equestribus
426 2081 459 2141 et
477 2077 677 2161 pedestribus
696 2077 798 2161 copiis
816 2076 1029 2160 Hellesponto

40 2162 145 2249 iuncto,
172 2165 303 2231 Athone
329 2165 476 2249 perfosso
504 2165 607 2229 maria
635 2164 880 2248 ambulavisset,
911 2169 1031 2229 terram

40 2254 222 2338 navigasset,
245 2255 282 2339 si,
300 2275 373 2318 cum
390 2257 482 2318 tanto
501 2254 623 2337 impetu
642 2253 677 2316 in
695 2250 863 2327 Graeciam
881 2253 1030 2334 venisset,

40 2358 152 2407 ausam
170 2342 243 2426 quis
263 2363 301 2405 ex
319 2363 358 2406 eo
377 2346 544 2424 quaereret
561 2344 727 2405 tantarum
745 2341 909 2423 copiarum
932 2341 1030 2403 tanti-

40 2447 86 2511 que
107 2430 199 2513 belli,
221 2429 286 2493 mel
307 2450 341 2494 se
360 2429 485 2493 auferre
509 2451 547 2493 ex
564 2429 722 2512 Hymetto
741 2428 882 2493 voluisse
901 2427 1030 2509 diceret,

40 2521 109 2582 erre
145 2517 215 2582 sine
251 2539 348 2581 causa
383 2517 543 2581 videretur
579 2520 672 2581 tanta
708 2519 855 2597 conatae,
891 2514 938 2578 sio
969 2535 1029 2578 nos

40 2606 202 2689 sapientem
229 2605 377 2688 plurimis
405 2609 439 2668 et
465 2604 666 2689 gravissimis
695 2603 819 2668 artibus
847 2604 943 2684 atque
967 2601 1029 2666 vir·

40 2692 147 2758 brtibus
175 2694 369 2758 instructum
397 2695 430 2756 et
457 2695 607 2757 ornatum
628 2712 706 2775 non,
733 2691 898 2771 utillum,
928 2690 1031 2754 maria

40 2781 156 2861 pedibus
193 2783 435 2865 peragrantem,
472 2779 627 2845 classibus
665 2782 809 2861 montes,
845 2779 900 2842 sed
937 2798 1030 2842 omne

40 2869 146 2934 uelum
179 2871 345 2952 totamque
378 2889 451 2932 cum
481 2867 631 2932 universo
663 2867 746 2930 mari
771 2870 892 2930 terram
924 2869 1030 2931 mente

40 2958 238 3041 complexum,
279 2956 478 3039 voluptatem
518 2959 627 3038 petere
669 2955 697 3019 si
734 2954 889 3039 dicemus,
924 2954 1030 3019 mellis

40 3060 119 3111 unsa
141 3045 284 3109 dicemus
307 3046 400 3108 tanta
422 3043 581 3107 molitum.
627 3042 678 3107 Ad
707 3041 824 3107 altiora
851 3043 1007 3126 quaedam
1031 3053 1082 3100 113

40 3131 366 3218 utmagnificentiora,
388 3130 469 3195 mihi
491 3129 598 3214 erede,
620 3129 796 3214 Torquate,
817 3131 888 3195 nati
911 3152 1030 3208 sumus,

40 3236 80 3285 mc
99 3222 133 3286 id
157 3242 196 3284 ex
219 3219 320 3284 animi
343 3219 447 3283 solum
469 3218 629 3301 partibus,
656 3219 691 3282 in
718 3219 837 3302 quibus.
857 3219 944 3283 inest
965 3238 1030 3281 me·

40 3309 125 3375 coria
151 3329 259 3373 rerum
285 3306 581 3391 innumerabilium,
610 3307 646 3370 in
672 3310 704 3370 te
733 3306 861 3390 quidem
892 3304 1032 3386 infinita,

40 3390 106 3463 toa
131 3395 319 3463 coniectura
347 3394 609 3478 consequentium
634 3398 706 3461 non
738 3394 874 3458 multum
907 3414 927 3456 a
951 3390 1030 3455 divi·

40 3484 152 3555 atione
178 3483 344 3567 differens,
374 3482 459 3548 inest
486 3482 669 3549 moderator
701 3462 887 3564 cupiditatis
918 3478 1031 3563 pudor,
