2346 3876
115 155 161 218 44
383 113 862 210 nosnuuroonunemouun

117 317 286 382 insaniam.
331 315 417 382 Nam
441 318 481 382 ab
506 318 655 382 omnibus
680 317 822 381 eiusdem
845 318 933 382 modi
956 317 1035 382 visis
1059 340 1128 402 per-

119 406 338 490 spicuitatem,
366 428 461 490 quarn
489 406 649 472 mordicus
677 409 787 469 tenere
819 406 985 490 debemus,
1016 407 1129 472 abesse

119 493 269 559 dicemus.
317 493 396 570 Quis
420 494 519 578 enim,
543 516 614 558 curn
638 494 701 558 sibi
723 494 818 583 fingit
841 495 964 578 aliquid
988 499 1021 559 et
1044 498 1129 581 cogi-

118 581 241 647 tatione
273 583 434 667 depingit,
472 605 551 666 non,
583 583 680 646 simul
713 604 750 647 ac
783 604 817 646 se
849 583 919 666 ipse
952 586 1129 649 commovit

118 674 214 754 atque
238 671 279 735 ad
302 693 336 734 se
359 671 534 754 revocavit,
558 671 669 753 sentit,
698 670 774 754 quid
796 671 926 736 intersit
948 672 1035 736 inter
1058 695 1154 756 per-s

118 760 228 842 spicua
251 762 284 823 et
305 759 437 824 inania?
473 758 597 823 Eadem
615 759 700 823 ratio
720 761 770 823 est
792 760 1000 825 somniorum.
1041 760 1129 827 Num

117 868 228 912 censes
259 846 416 930 Ennium,
448 870 520 912 cum
557 847 592 910 in
628 847 733 912 hortis
765 868 838 912 cum
871 847 980 913 Servio
996 889 998 893 <
1015 848 1130 932 Galba,

116 935 222 1000 vicino
256 957 327 1019 suo,
361 936 606 1016 ambulavisset,
634 935 766 1000 dixisse:
808 936 920 1001 ‘Visus
951 959 1025 1001 sum
1048 939 1129 1002 mihi

116 1044 189 1088 cum
203 1021 310 1088 Galba
324 1022 526 1089 ambulare'?
562 1023 608 1088 At
623 1046 695 1089 cum
710 1022 894 1110 somniavit,
907 1024 955 1089 ita
969 1027 1129 1093 narrarit:

227 1206 387 1222 ........
402 1157 507 1220 risus
530 1156 721 1222 Homerus
746 1157 879 1223 adesse
902 1162 1027 1241 polita.
1144 1186 1164 1225 rc

115 1287 268 1374 Idemque
291 1289 326 1352 in
349 1288 560 1373 Epicharmo:

50 1465 53 1470 -
115 1420 211 1486 Nam
230 1421 390 1486 videbar
414 1423 604 1487 somniare
627 1422 710 1486 med
733 1442 801 1506 ego
826 1443 910 1485 esse
928 1425 1130 1491 mortuum.

115 1553 243 1640 ltaque,
281 1554 379 1619 simul
410 1558 447 1619 ut
479 1555 656 1639 experrecti
693 1575 818 1638 sumus,
848 1555 919 1618 visa
957 1556 1016 1620 illa
1053 1580 1128 1623 con-

115 1643 290 1708 temnimus
322 1664 426 1727 neque
458 1643 505 1708 ita
532 1643 701 1725 habemus,
734 1646 771 1706 ut
798 1664 849 1726 ea,
882 1665 964 1726 quae
992 1645 1029 1708 in
1056 1646 1128 1713 foro

62 1695 104 1820 ἐξ
116 1731 287 1816 gessimus.
344 1732 391 1795 At
422 1731 520 1814 enim,
540 1732 629 1795 *dum
661 1731 821 1814 videntur,
858 1732 969 1796 eadem
1007 1737 1059 1798 est
1094 1735 1128 1800 in
1143 1761 1164 1802 15

116 1820 238 1884 somnis
272 1821 394 1903 species
431 1840 610 1900 eorumque,
650 1842 732 1903 quae
763 1819 935 1904 vigilantes
973 1821 1129 1890 videmus.

114 1907 260 1971 Primum
287 1909 437 1992 interest3
466 1907 521 1971 sed
549 1908 581 1972 id
605 1909 806 1992 omittamus3
836 1908 918 1972 illud
941 1911 1028 1974 enim
1052 1911 1127 1976 dici-

115 2018 200 2079 mus,
232 2017 298 2060 non
326 1995 459 2060 eandem
488 2017 558 2060 esse
588 1996 656 2060 vim
677 2018 780 2081 neque
810 1997 1033 2080 integritatem
1057 2000 1128 2064 dor·

115 2084 285 2148 rnientium
313 2087 345 2148 et
371 2083 578 2169 vigilantium
605 2105 664 2148 nec
690 2087 798 2149 mente
825 2106 884 2149 nec
917 2106 1023 2151 sensu.
1078 2087 1128 2153 Ne

113 2172 271 2236 vinulenti
298 2172 441 2256 quidem,
471 2193 553 2256 quae
582 2172 719 2256 faciroet,
750 2172 861 2237 eadem
891 2173 1126 2256 adprobatione
1140 2203 1164 2242 so

114 2259 251 2343 faciunt,
284 2282 347 2344 qua
375 2261 489 2345 sobrii3
517 2261 679 2345 dubitant,
708 2260 887 2345 haesitant,
914 2268 1127 2330 revocantes

111 2347 276 2412 interdum
290 2349 401 2434 iisque,
416 2371 496 2433 quae
510 2350 669 2432 ridentur,
682 2349 877 2415 imbecillius
892 2350 1127 2436 adsentiuntur,

114 2458 249 2520 cumque
277 2437 529 2521 edormiuerunt,
561 2438 617 2501 illa
648 2437 719 2502 visa
749 2460 846 2522 quam
878 2439 964 2502 levia
995 2439 1126 2524 fuerint,

114 2524 315 2611 intellegunt.
371 2525 464 2602 Quod
490 2526 575 2590 idem
604 2526 763 2610 contingit
790 2526 926 2609 insanis,
953 2531 991 2591 ut
1019 2532 1052 2592 et
1081 2531 1127 2594 in-

114 2614 268 2696 cipientes
291 2614 396 2679 furere
428 2615 570 2679 sentiant
597 2618 630 2678 et
657 2614 765 2678 dicant
787 2614 923 2699 aliquid,
953 2617 1039 2699 quod
1062 2639 1126 2682 non
1140 2643 1164 2683 25

114 2702 171 2787 sit,
198 2702 231 2765 id
259 2702 361 2767 videri
384 2701 447 2766 sibi
475 2705 521 2785 et,
545 2713 617 2767 cum
640 2703 838 2786 relaxentur,
862 2703 1003 2768 sentiant
1030 2709 1127 2791 atque

113 2790 170 2853 illa
194 2788 305 2854 dicant
326 2791 551 2855 Alcmaeonis:

198 2918 268 2984 sed
291 2922 385 2986 mihi
406 2923 629 3006 neutiquam
653 2925 717 2988 cor
740 2925 938 2989 consentit
960 2947 1042 2990 cum

404 3011 603 3077 oculorum
627 3016 787 3096 aspectu
802 3062 831 3077 ..

58 3154 93 3204 53
112 3142 158 3205 At
185 3142 271 3206 enirn
298 3143 369 3227 ipse
402 3144 530 3227 sapiens
559 3144 697 3208 sustinet
721 3137 777 3228 se,
805 3145 838 3209 in
870 3145 977 3212 furore
1002 3169 1044 3211 ne
1073 3148 1127 3212 ad·
1141 3173 1164 3213 ac

111 3231 227 3313 probet
257 3231 343 3295 falsa
369 3255 429 3316 pro
461 3232 553 3296 reris.
607 3231 652 3295 Et
680 3232 760 3296 alias
795 3233 924 3316 quidem
957 3256 1067 3319 saepe,
1100 3237 1128 3300 si

111 3321 168 3382 aut
194 3319 229 3382 in
257 3320 406 3384 sensibus
431 3319 532 3402 ipsius
561 3323 611 3383 est
638 3321 746 3404 aliqua
776 3320 861 3385 forte
892 3323 1035 3406 gravitas
1069 3328 1128 3388 aut

110 3406 259 3490 tarditas,
292 3410 348 3471 aut
366 3408 562 3472 ‘obscuriora
588 3410 677 3492 sunt,
710 3430 791 3492 quae
823 3408 988 3492 videntur,
1021 3416 1079 3475 aut
1106 3435 1127 3476 a

91 3495 330 3576 perspiciendo
351 3495 506 3582 temporis
526 3496 684 3563 brevitate
703 3496 891 3563 excluditur.
918 3497 1124 3584 Quamquam

68 3596 115 3640 ι
