2346 3876
170 166 240 222 nlss.
259 166 308 222 lv.
337 165 415 220 cnr.
436 173 556 222 11-11.
586 173 741 232 §rr-47.
893 168 958 232 219

34 327 39 391 Ι
55 329 140 392 euim
158 328 242 392 mihi
258 331 452 413 potestesse
469 329 610 412 optatius
629 352 727 415 quam
741 351 814 394 oum
827 329 959 412 Catone,

34 416 93 479 ium
126 417 285 481 virtutum
319 420 463 500 auctore,
493 417 533 480 de
564 417 738 482 virtutibus
770 417 958 501 disputare?

46 504 186 587 primum
213 503 294 568 illud
323 504 409 586 vide,
436 505 663 589 gravissimam
694 505 785 568 illam
817 508 958 570 vestram
978 517 1013 565 45

34 592 159 675 entiam,
188 613 270 676 quae
296 591 456 657 familiam
478 592 580 675 ducit,
605 593 776 657 honestum
799 593 883 676 quod
907 594 959 677 sit,

34 701 83 745 sse
122 679 229 744 solum
264 679 387 744 bonum
422 680 621 764 honesteque
657 682 764 744 vivere
800 681 959 746 bonorum

34 790 59 850 n,
89 760 293 834 cdmmunem
325 768 396 833 fore
427 768 519 832 vobis
548 789 621 833 oum
649 769 812 852 omnibus,
841 769 895 853 qui
924 770 960 832 in

34 857 147 921 virtute
162 857 365 921 constituunt
377 856 475 919 finem
488 856 657 939 bonorum,
675 857 824 942 quodque
842 856 961 937 dicitis,
1057 899 1062 908 ι

34 945 118 1008 :mari
136 966 203 1008 non
221 965 316 1028 posse
340 943 506 1022 virtutem,
530 945 557 1008 si
581 946 765 1029 quicquam,
787 945 852 1009 nisi
875 946 959 1029 quod

34 1036 121 1096 stum
146 1033 202 1115 sit,
224 1035 422 1114 numeretur,
448 1032 534 1097 idem
559 1032 681 1097 dicetur
705 1033 848 1116 abillis,
877 1055 958 1117 quos

34 1140 48 1183 o
68 1121 245 1184 nominavi.
281 1119 363 1184 Mihi
382 1123 490 1184 autem
514 1122 647 1204 aequius
669 1120 840 1186 videbatur
858 1119 959 1186 Zeno-

50 1229 120 1272 oum
138 1206 314 1272 Polemone
337 1207 584 1291 disceptantem,
608 1231 627 1272 a
650 1231 727 1292 quo,
750 1230 831 1292 quae
851 1214 960 1275 essent

34 1295 110 1379 sipia
144 1299 294 1379 naturae,
331 1300 497 1378 acceperat
503 1346 512 1379 ,
550 1318 569 1360 a
600 1297 824 1385 communibus
856 1298 958 1362 initiis

34 1384 212 1460 ‚redientem
234 1383 356 1466 videre,
379 1384 434 1447 ubi
458 1384 599 1467 primum
622 1385 798 1468 insisteret,
822 1388 854 1449 et
876 1385 959 1450 unde

34 1471 309 1536 scontroversiae
332 1474 534 1556 nasceretur,
561 1493 628 1537 non
652 1475 791 1536 stantem
814 1494 887 1537 oum
910 1474 960 1555 iis,

34 1581 65 1623 ue
82 1559 227 1624 dicerent
245 1559 375 1642 quidem
393 1582 452 1623 sua
471 1581 596 1624 summa
614 1560 701 1624 bona
718 1581 787 1624 esse
807 1582 826 1623 a
844 1563 961 1624 natura

34 1651 108 1730 ecta,
137 1649 187 1712 uti
209 1647 312 1711 isdem
340 1649 551 1732 argumentis,
575 1648 689 1731 quibus
712 1647 762 1710 illi
785 1651 960 1729 uterentur,

34 1757 115 1818 nque
140 1735 318 1800 sententiis

34 1822 149 1887 dinime
172 1845 248 1887 vero
272 1823 352 1887 illud
374 1824 492 1907 probo,
514 1824 612 1907 quod,
635 1845 707 1888 oum
730 1823 900 1905 docuistiS,
923 1828 960 1888 ut
972 1792 1014 1918 ᾗ

34 1911 239 1995 svidemini,
267 1912 372 1976 solum
403 1911 525 1976 bonum
557 1932 641 1994 esse,
673 1910 757 1995 quod
788 1911 961 1975 honestum

43 2001 109 2064 tum
141 2021 270 2064 rursum
302 1999 408 2064 dicitis
441 1999 536 2062 initia
562 1999 699 2082 proponi
730 2020 860 2063 necesse
891 2020 961 2064 esse

59 2091 90 2150 et
118 2088 362 2152 accommodata
388 2090 537 2168 naturae,
567 2108 702 2170 quorum
726 2108 764 2152 ex
788 2088 961 2152 selectione

34 2197 56 2239 rs
78 2176 185 2259 possit
206 2176 370 2239 exsistere.
404 2172 480 2239 Non
499 2175 584 2238 enim
606 2177 641 2239 in
660 2175 834 2241 selectione
857 2177 960 2241 virtus

34 2263 100 2328 enda
123 2268 206 2346 erat,
229 2267 266 2327 nt
288 2264 323 2327 id
345 2264 465 2346 ipsum,
495 2263 579 2345 quod
604 2266 674 2327 erat
702 2263 863 2328 bonorum
886 2264 961 2327 ulti·

34 2373 55 2433 1,
85 2352 174 2416 aliud
205 2351 327 2435 aliquid
360 2350 548 2434 acquireret.
600 2348 687 2415 Nam
720 2351 847 2433 omnia,
879 2373 961 2435 quae

34 2440 108 2503 enda
137 2461 281 2523 quaeque
312 2437 448 2523 legenda
478 2441 535 2502 aut
562 2439 705 2523 optanda
736 2443 823 2522 sunt,
856 2439 961 2503 inesse

34 2530 71 2591 nt
98 2529 133 2591 in
160 2549 287 2591 summa
313 2527 486 2610 bonorum,
512 2529 550 2590 ut
576 2527 619 2610 is,
646 2527 701 2610 qui
725 2548 796 2590 eam
826 2526 961 2608 adeptus

44 2616 123 2679 nihii
156 2619 324 2699 praeterea
356 2614 524 2678 desideret.
576 2612 732 2699 Videsne,
762 2618 813 2698 ut,
845 2614 960 2696 quibus

34 2723 80 2767 ma
111 2706 163 2768 est
192 2704 226 2766 in
257 2703 440 2786 voluptate,
474 2702 679 2787 perspicuum
716 2703 772 2786 sit,
809 2702 886 2786 quid
921 2702 961 2766 iis

34 2792 136 2856 endum
164 2791 208 2855 sit
236 2793 384 2856 autnon
410 2789 616 2855 faciendum?
643 2795 680 2853 ut
707 2812 800 2855 nemo
829 2790 962 2875 dubitet,

34 2899 65 2942 m
92 2879 201 2944 omnia
230 2878 338 2943 officia
370 2901 432 2962 quo
462 2880 621 2963 spectare,
650 2879 727 2962 quid
755 2879 858 2963 sequi,
885 2879 962 2962 quid

34 2988 65 3031 re
96 2967 258 3031 debeant?
317 2964 366 3030 Sit
396 2967 458 3032 hoc
490 2966 640 3031 ultimum
672 2967 845 3050 bonorum,
877 2967 962 3051 quod

34 3075 41 3116 1
74 3077 94 3119 a
129 3077 180 3119 me
216 3054 412 3139 defenditur3
450 3057 586 3138 apparet
618 3055 744 3138 statim,
779 3077 860 3140 quae
896 3056 962 3119 sint

34 3143 74 3227 io,
97 3164 178 3226 quae
203 3143 355 3208 actiones.
393 3142 497 3207 Vobis
522 3146 644 3227 autem,
668 3143 784 3227 quibus
806 3142 890 3207 nihil
913 3145 962 3205 est

34 3229 45 3293 1
69 3231 273 3314 propositum
299 3231 363 3295 nisi
390 3234 515 3296 rectum
543 3234 637 3313 atque
665 3231 850 3309 honestum,
877 3228 961 3292 unde

35 3317 63 3402 ii,
80 3320 163 3384 unde
179 3320 294 3403 agendi
313 3319 508 3402 principium
521 3322 683 3401 nascatur,
701 3340 767 3382 non
785 3316 961 3399 reperietis

50 3407 149 3492 igitur
172 3409 362 3490 quaerentes
386 3428 511 3489 omnes,
534 3409 566 3470 et
588 3406 626 3488 ii,
649 3406 717 3489 qui,
740 3403 960 3488 quodcumque
980 3414 1013 3462 47

34 3500 153 3560 rentem
169 3495 292 3577 veniat,
316 3498 372 3559 aut
394 3494 615 3580 quodcumque
634 3495 797 3578 occurrat,
817 3511 852 3557 se
871 3491 968 3574 sequi
