2346 3876
182 191 185 195 ν
235 165 302 219 LIB.
320 166 354 220 11.
382 165 458 221 cAP.
478 171 525 234 aa,
544 172 586 221 aa.
614 171 629 232 a
649 170 805 222 rra-119.
963 166 1025 230 167

34 326 155 393 rristidi
180 301 238 392 aut
264 326 488 411 Themistocli,
510 347 575 392 non
597 326 743 411 Philippi
767 331 823 391 aut
841 327 1027 412 Alexandri,

34 435 84 499 ege
128 418 319 480 nostrorum
362 416 547 498 hominum,
587 415 659 500 lege
700 420 828 480 restrae
869 416 1025 500 familiae,

34 503 179 568 reminem
211 502 336 568 videbis
368 504 416 567 ita
446 503 627 585 laudatum,
664 506 700 566 ut
737 503 853 568 artifex
889 504 1025 569 callidus

34 592 309 674 amparandarum
345 591 548 674 voluptatum
584 591 751 655 diceretur.
808 590 883 656 Non
919 592 1025 676 elogia

34 679 292 744 monimentorum
318 679 351 742 id
379 679 574 764 significant,
605 679 694 742 velut
723 678 785 744 hoc
813 679 853 743 ad
884 683 1025 762 portam:

34 765 139 832 *Hunc
165 789 280 832 unum
302 767 494 850 plurimae
522 767 775 831 consentiunt
805 771 937 852 gentes
960 789 1026 850 po-

34 855 103 937 puli
124 855 348 938 primarium
369 855 495 919 fuisse
518 853 661 919 virum?
705 854 783 919 Idne
804 854 1003 920 consensisse
1028 867 1079 915 117

38 942 67 1007 de
93 940 241 1008 Calatino
272 943 428 1027 plurimas
459 943 567 1026 gentis
600 943 811 1026 arbitramur,
837 943 1026 1026 primarium

39 1028 121 1095 luisse
152 1031 278 1115 populi,
309 1030 395 1114 quod
421 1030 718 1114 praestantissimus
750 1030 865 1096 fuisset
891 1032 925 1095 in
955 1053 1027 1096 con-

41 1117 162 1183 ficiendis
198 1119 444 1202 voluptatibus?
496 1116 586 1200 Ergo
623 1118 658 1182 in
693 1119 733 1183 iis
769 1118 1026 1184 adulescentibus

42 1205 139 1271 bonam
163 1228 254 1289 spem
277 1228 347 1271 esse
370 1205 511 1270 dicemus
535 1209 568 1269 et
590 1227 743 1290 magnam
765 1207 923 1290 indolem,
947 1229 1025 1291 quos

44 1293 91 1359 auis
107 1293 281 1359 commodis
299 1293 508 1358 inservituros
529 1297 574 1378 et,
597 1294 746 1378 quicquid
769 1295 848 1379 ipsis
868 1296 1026 1379 expediat,

43 1379 160 1448 fmturos
184 1382 436 1447 arbitrabimur?
481 1380 597 1446 Nonne
621 1383 779 1467 videmus,
806 1388 927 1467 quanta
956 1406 1026 1467 per·

43 1470 162 1536 turbatio
180 1491 288 1535 rerum
307 1470 451 1534 omniurn
471 1473 697 1554 consequatur,
716 1475 837 1554 quanta
856 1471 1026 1536 confusio?

43 1555 157 1623 Tollitur
184 1558 388 1641 beneficium,
415 1557 545 1623 tollitur
571 1559 690 1642 gratia,
719 1581 800 1641 quac
824 1563 899 1622 sunt
920 1559 1027 1623 vincla

42 1647 216 1712 cocordiae.
252 1645 321 1710 Nec
344 1647 444 1727 enim,
467 1668 539 1711 eum
562 1649 620 1710 tua
642 1668 739 1712 causa
760 1647 811 1710 cui
835 1646 1026 1729 commodes,

41 1731 208 1799 beneficium
237 1734 319 1798 illud
346 1697 529 1798 habeddum
561 1738 623 1811 est,
656 1734 711 1798 sed
742 1734 933 1817 faeneratio,
966 1755 1026 1798 nec

41 1822 259 1904 maldeberta
277 1822 455 1886 videturmei
460 1823 547 1906 ,qui
564 1845 623 1886 sua
646 1844 744 1888 causa
767 1822 1026 1887 commodaverit.

40 1905 176 1975 Maximus
204 1931 280 1975 vero
309 1910 482 1974 virtutes
472 1931 575 1987 meere
603 1911 707 1975 omnis
734 1932 863 1975 necesse
894 1914 944 1974 est
972 1933 1026 1975 vo-

42 1994 128 2080 luptat
83 1998 362 2063 ttedominantc.
399 1996 479 2062 Sunt
465 1998 597 2062 tetiam
620 1998 835 2082 turpitudines
858 1999 1025 2083 plurimae,

41 2106 115 2170 quae,
136 2087 202 2151 nisi
224 2086 378 2150 honestas
400 2089 517 2150 natura
539 2085 712 2169 plurimum
735 2087 855 2170 valeat,
881 2110 937 2152 our
960 2109 1024 2150 non

39 2174 135 2239 cadant
163 2175 199 2238 in
226 2174 418 2258 sapientem,
444 2195 510 2239 non
536 2177 585 2239 est
611 2174 715 2246 facile¹
733 2174 909 2240 defendere.
955 2175 1003 2239 Ac
1027 2187 1079 2236 11⁸

38 2280 66 2324 ne
84 2263 174 2345 plura
197 2263 394 2346 complectar
417 2259 508 2346 (sunt
531 2262 616 2326 enim
639 2260 914 2350 innumerabilia),
944 2264 1024 2328 bene

38 2346 150 2415 laudata
180 2352 283 2415 virtus
314 2351 494 2433 voluptatis
526 2351 630 2415 aditus
666 2351 860 2415 intercludat
895 2372 1025 2414 necesse

38 2441 81 2501 cst
131 2437 223 2515 Quod
255 2439 320 2502 iam
352 2461 372 2502 a
399 2459 450 2503 me
477 2442 661 2521 exspectare
689 2438 765 2504 noli.
814 2437 896 2502 Tute
926 2438 1025 2502 intro·

38 2526 106 2607 apice
128 2528 161 2590 in
183 2530 325 2591 mentem
348 2530 438 2590 tuam
467 2526 536 2610 ipse
560 2548 693 2610 eamque
717 2526 805 2590 omni
828 2525 1024 2610 cogitatione

37 2618 219 2693 pertractans
246 2617 438 2698 percontare
460 2614 529 2698 ipse
551 2618 596 2698 te,
623 2614 830 2697 perpetuisne
852 2613 947 2676 malis
970 2635 1024 2678 vc-

37 2698 198 2784 luptatibus
234 2702 401 2785 perfruens
433 2703 468 2767 in
499 2723 550 2786 ea,
581 2724 677 2786 quam
710 2723 805 2786 saepe
837 2702 1024 2785 usurpabas,
1102 2744 1110 2766 ¹·.

36 2790 251 2874 tranquillitate
293 2790 408 2876 degere
450 2810 577 2855 ornnem
618 2793 758 2854 aetatem
795 2790 864 2854 sine
905 2790 1023 2868 dolore,
1102 2832 1105 2841 ·

37 2883 183 2980 assumpto
225 2879 323 2943 etiam
359 2879 431 2961 1110,
473 2877 557 2962 quod
593 2899 651 2941 ros
688 2877 814 2960 quidem
852 2878 1024 2962 adiungere

37 2965 110 3031 solet
87 2971 141 3053 trs,
169 2967 226 3032 sed
252 2966 323 3031 fieri
349 2986 413 3031 non
441 2969 562 3049 potest,
593 2965 662 3029 sine
690 2964 810 3029 doloris
838 2970 905 3030 met
906 2989 940 3048 u,
973 2989 1024 3049 an,

36 3052 91 3118 cun
108 3055 146 3119 de
165 3055 314 3120 omnibus
333 3057 412 3138 gent
398 3054 485 3118 tibus
505 3053 626 3136 optime
645 3073 814 3138 mererere,
838 3077 911 3119 cum
930 3077 1024 3204 opem

35 3137 236 3228 indigentibus
265 3141 464 3242 salutemque
491 3141 605 3225 ferres,
637 3141 688 3204 vel
720 3140 869 3206 Herculis
897 3143 1024 3225 perpeti

36 3228 312 3295 arumnensis
349 3231 434 3294 enim
469 3229 606 3294 maiores
642 3229 746 3294 nostri
785 3229 915 3293 labores
958 3251 1023 3292 non

34 3311 186 3412 lugendos
222 3318 413 3383 tristissimo
443 3320 554 3382 tamen
589 3317 687 3382 verbo
725 3338 891 3380 aerumnas
925 3316 1023 3378 etiam

35 3401 61 3466 in
82 3407 136 3472 deo
162 3407 420 3472 nominaverunt.
472 3405 631 3470 Elicerem
659 3407 753 3469 exte
783 3423 1001 3487 cogeremque,
1026 3414 1076 3463 119

34 3493 302 3580 utresponderes,
328 3494 392 3559 nisi
419 3515 558 3579 vererer,
584 3515 624 3558 ne
648 3490 855 3557 Herculem
845 3512 954 3574 rpsum
977 3512 1025 3574 ea,
