2346 3876
315 156 381 210 Lm.
397 156 429 211 V.
459 156 536 210 car.
555 162 676 211 20-23.
705 163 860 224 §ao-or.
1024 159 1089 222 447

84 319 200 383 heatus
223 319 328 382 nollet
352 340 429 383 esse.
467 315 593 383 Satisne
616 319 742 383 videtur
766 318 945 383 declarasse
968 319 1090 403 Diony-

84 407 152 471 sius
179 405 263 469 nihil
290 428 360 471 esse
388 407 417 470 ei
448 407 593 488 beatum,
621 407 671 471 cui
701 427 826 490 semper
856 407 956 491 aliqui
986 413 1092 473 terror

83 493 289 576 impendeat?
339 494 447 577 Atque
474 495 504 558 ei
531 516 572 559 ne
599 494 762 578 integrum
792 494 921 577 quidem
945 500 1028 578 erat,
1054 502 1091 560 ut

84 582 125 645 ad
157 582 314 645 iustitiam
346 582 552 667 remigraret,
584 583 707 647 civibus
740 582 924 647 libertatem
956 587 988 647 et
1019 585 1091 648 iura
1146 582 1149 587 ’

57 669 242 752 sredderet3
270 671 311 733 iis
339 670 426 732 enim
453 692 487 734 se
511 670 695 734 adulescens
723 670 892 753 inprovida
915 672 1090 735 111111111-

82 757 216 821 retierat
239 757 353 821 erratis
377 779 475 841 eaque
499 759 716 840 commiserat,
742 763 780 823 ut
802 759 909 823 salvus
934 767 1091 824 essenon

81 849 205 928 posset,
229 845 257 910 si
279 866 375 908 sanus
400 867 468 910 esse
492 847 660 997 coepisset.

151 933 356 1016 Quantopere
374 955 450 998 vero
472 934 631 998 amicitias
655 933 849 998 desideraret
835 937 1019 1018 t,quarum
1042 936 1088 999 in·
1099 912 1142 974 22

80 1021 220 1085 fidelitat
171 1024 272 1085 tatem
313 1021 555 1104 extimescebat,
596 1021 817 1086 declaravit
807 1044 840 1086 1n
878 1022 944 1106 Pyt
945 989 1141 1174 hagoriis63

37 1133 67 1174 10
82 1110 208 1174 duobus
235 1109 315 1191 illis,
342 1131 479 1193 quorum
502 1131 575 1183 cum
598 1110 736 1174 alterum
759 1110 872 1174 vadem
899 1133 969 1175 mor
971 1112 1013 1174 tis
1037 1132 1089 1175 ac-

81 1198 234 1281 cepisset,
271 1197 365 1280 alter,
401 1201 437 1260 ut
423 1197 586 1262 tvadem
623 1212 716 1262 suum
752 1198 919 1282 liberaret,
959 1202 1089 1281 praesto

80 1286 197 1350 fuisset
220 1284 260 1348 ad
283 1285 396 1350 horam
419 1286 532 1350 mortis
557 1284 763 1367 destinatam,
794 1285 967 1351 ‘Utinam
990 1285 1089 1370 ego’,

79 1374 200 1456 inquit,
219 1372 375 1436 ‘tertius
395 1373 503 1437 vobis
522 1374 666 1437 amicus
686 1373 956 1438 adscribererl'
984 1374 1089 1450 Quam

79 1462 156 1526 huic
195 1464 264 1525 erat
301 1461 454 1524 miserum
491 1481 597 1524 carere
639 1461 867 1526 consuetudine
904 1461 1089 1545 amicorum,

34 1574 64 1614 ra
81 1549 237 1615 societate
268 1549 386 1631 victus,
423 1569 568 1612 sermone
601 1549 732 1613 omnino
764 1548 932 1632 familiari,
962 1549 1089 1614 homini

79 1637 271 1720 praesertim
295 1637 388 1701 docto
413 1636 442 1701 a¹
454 1657 554 1720 puero
578 1639 612 1700 et
633 1637 756 1700 artibus
779 1637 927 1721 ingenuis
951 1637 1088 1701 erudito!

79 1725 280 1790 lllusicorum
312 1747 388 1789 vero
417 1724 667 1807 perstudiosum,
697 1727 827 1808 po‘e'tam
859 1727 958 1789 etiam
989 1725 1089 1808 tragi-

81 1835 154 1878 cum
177 1810 288 1897 (quam
307 1814 440 1895 honum,
462 1812 543 1876 nihil
564 1812 605 1876 ad
622 1833 703 1894 rem3
725 1813 760 1876 in
782 1812 844 1877 hoc
862 1813 948 1877 enim
970 1833 1088 1897 genere

80 1901 191 1964 nescio
219 1915 282 1983 quo
309 1903 404 1984 pacto
433 1901 537 1984 magis
566 1922 663 1984 quam
690 1900 725 1965 in
752 1900 824 1964 aliis
854 1922 946 1965 suum
975 1903 1088 1984 cuique

35 2014 65 2053 11
81 1988 253 2073 pulchrum
281 1992 338 2052 est.
387 1988 503 2052 Adhuc
529 1989 691 2052 neminem
718 1989 853 2072 cognovi
881 1991 1010 2071 podiam
1040 1985 1088 2073 (et

57 2094 60 2099 ·
80 2077 163 2140 mihi
192 2076 254 2139 fuit
281 2098 353 2140 cum
380 2075 521 2161 Aquinio
546 2074 717 2162 amicitia),
745 2077 800 2159 qui
823 2077 886 2140 sibi
908 2098 973 2140 non
996 2080 1088 2159 optu-

80 2187 154 2228 mus
173 2165 343 2227 videretur.
380 2161 432 2228 Sic
451 2185 485 2227 sc
504 2185 555 2227 res
578 2163 689 2229 habet:
714 2166 747 2227 te
765 2167 835 2246 tua,
857 2185 909 2228 me
927 2164 1089 2228 delectant

80 2249 168 2334 mea)
194 2285 231 2297 -
258 2252 312 2315 sed
340 2255 377 2315 ut
400 2251 440 2314 ad
463 2249 656 2335 Dionysium
679 2251 859 2335 redeamus,
887 2252 975 2316 omni
999 2251 1088 2316 cultu

81 2346 115 2404 et
137 2340 224 2405 victu
246 2339 387 2403 humano
412 2339 554 2422 carebat3
579 2340 709 2404 vivebat
732 2361 803 2403 cunr
826 2340 987 2424 fugitivis,
1015 2360 1088 2403 cum

38 2454 66 2493 25
81 2427 285 2510 facinerosis,
307 2448 381 2492 cum
402 2426 563 2508 barbaris,
586 2427 760 2509 neminem,
783 2427 838 2510 qui
860 2431 916 2490 aut
937 2427 1088 2490 libertate

82 2516 199 2598 dignus
220 2519 304 2578 esset
324 2519 381 2579 aut
398 2515 497 2578 vellet
515 2514 645 2579 omnino
663 2515 747 2578 liber
766 2535 845 2598 esse,
869 2514 930 2578 sibi
951 2514 1088 2578 amicum

82 2604 169 2668 arbit
156 2603 312 2666 t.rahatur

147 2689 222 2754 Nou
251 2710 310 2774 ego
337 2689 403 2754 iam
431 2712 502 2754 cum
529 2690 698 2755 huiusvit
700 2711 732 2772 a,
764 2711 827 2772 qua
853 2689 1002 2770 taetrius,
1029 2666 1140 2792 1111263

82 2779 200 2860 serius,
223 2777 277 2841 det
263 2781 327 2842 ttes
313 2778 446 2841 tabilius
466 2779 648 2863 excogitare
667 2778 750 2841 nihil
771 2799 918 2861 possum,
941 2776 1015 2841 Plat
1000 2744 1140 2841 11111164

39 2891 67 2932 11
82 2870 138 2932 aut
165 2866 326 2949 Archytae
353 2866 456 2930 vitam
484 2866 692 2950 comparabo,
722 2866 889 2930 doctorum
920 2864 1086 2929 hominum

82 2960 116 3019 11
137 2954 234 3037 plane
259 2954 466 3038 sapientium3
490 2975 528 3017 ex
551 2954 663 3019 eadem
680 2953 759 3018 urhe
778 2951 935 3017 humilem
952 2952 1087 3017 homun-

81 3042 190 3108 culum
218 3064 237 3105 a
262 3042 393 3125 pulvere
417 3044 449 3105 11
475 3042 565 3107 radio
594 3042 755 3124 excitabo,
781 3041 837 3124 qui
862 3040 972 3104 multis
996 3040 1087 3104 annis

81 3133 157 3214 post
175 3130 246 3211 fuit,
264 3129 497 3194 Archimedem.
535 3128 632 3194 Cuius
654 3149 713 3214 ego
733 3132 883 3212 quaestor
901 3129 1087 3212 ignoratum

82 3219 122 3283 ab
147 3216 368 3301 Syracusanis,
399 3239 471 3282 cum
494 3239 564 3281 1111
587 3218 717 3282 omnino
740 3219 909 3301 negarent,
939 3218 1088 3298 saeptum

39 3330 66 3372 aa
81 3306 220 3389 undique
244 3308 277 3370 et
298 3305 453 3369 vestitum
471 3306 621 3388 vepribus
646 3309 679 3367 et
702 3304 820 3368 dumet
811 3327 839 3368 rs
863 3302 1015 3387 indagavi
1039 3323 1087 3367 se·

80 3395 236 3495 pulcrum
286 3392 448 3456 Tenebam
481 3394 567 3456 enim
601 3393 757 3476 quosdam
785 3391 974 3469 senariolos,
1006 3411 1087 3474 quos

80 3483 115 3545 in
148 3481 216 3546 eius
248 3483 455 3545 monumento
488 3501 557 3544 esse
589 3481 761 3563 inscriptos
796 3500 994 3563 acceperam,
1031 3477 1086 3561 qui
