2356 3870
270 131 337 186 nm.
355 132 390 188 n.
419 130 497 189 cnP.
516 138 632 190 41-43.
660 137 676 200 s
698 137 846 190 128-183.
1026 134 1068 198 79

54 294 128 358 finis
153 314 226 359 esse
251 290 401 396 Callipho
425 294 563 380 censuit,
586 317 701 361 vacare
720 296 809 360 omni
826 297 975 362 molestia
993 295 1068 362 Hie·

55 380 954 555 institerit,littthlttttdtttth
970 385 1067 538 llll

57 558 105 643 iis,
127 580 211 643 quas
230 557 354 642 primas
376 557 502 623 homini
519 564 638 625 natura
651 561 810 643 conciliet,
833 563 866 624 et
879 564 972 625 vetus
985 560 1068 625 Aca·

38 646 164 712 ademia
187 646 327 732 censuit,
358 650 396 711 ut
422 646 569 713 indicant
595 648 718 732 scripta
743 647 941 731 Polemonis,
973 669 1069 732 quem

59 733 243 800 Antiochus
264 735 384 819 probat
396 735 547 820 maxime,
570 740 603 801 et
616 736 811 802 Aristoteles
825 737 957 821 eiusque
971 735 1069 801 amici

59 822 120 889 huc
149 822 299 908 proxime
327 822 477 888 videntur
509 824 666 890 accedere.
711 824 942 891 Introducebat
969 824 1068 889 etiam

61 909 252 995 carneades,
273 932 341 976 non
355 933 418 996 quo
440 912 604 997 probaret,
626 912 681 978 sed
699 917 736 978 ut
750 916 928 998 opponeret
942 910 1068 997 Stoicis,

62 1021 223 1065 summurn
244 999 367 1065 bonum
388 1005 458 1065 esse
480 999 546 1064 frui
567 1000 663 1066 rebus
686 1001 737 1086 iis,
760 1023 840 1085 quas
863 1001 987 1086 primas
1010 1022 1069 1065 na-

36 1091 133 1154 ntum
155 1087 405 1154 conciliavisset
449 1086 595 1168 Honeste
619 1092 726 1155 autem
749 1090 870 1174 virere,
899 1088 985 1175 quod
1013 1088 1069 1154 du·

66 1181 154 1242 catur
191 1199 212 1241 a
249 1175 474 1245 conciliatione
510 1181 660 1263 naturae,
695 1177 783 1243 Zeno
819 1179 936 1243 statuit
970 1179 1069 1244 finem

65 1287 130 1331 esse
152 1264 322 1348 bonorum,
344 1265 401 1350 qui
422 1264 572 1330 inventor
584 1270 618 1331 et
633 1265 783 1352 princeps
798 1264 980 1332 Stoicorum
997 1267 1069 1331 fuit.
1078 1301 1122 1367 43

14 1384 18 1395 ·
123 1353 199 1419 Iam
236 1352 318 1418 illud
344 1353 550 1438 perspicuum
577 1358 640 1438 est,
670 1355 818 1420 omnibus
848 1354 900 1419 his
927 1355 1047 1438 finibus
1072 1393 1123 1443 132

63 1441 235 1527 bonorum,
257 1462 337 1526 quos
368 1442 514 1526 exposui,
543 1441 703 1508 malorum
725 1443 805 1507 fines
828 1463 898 1507 esse
921 1446 1046 1508 contra·

39 1530 134 1597 arios.
184 1528 238 1595 Ad
269 1552 327 1596 vos
359 1551 445 1595 nunc
470 1530 588 1615 refero,
620 1552 715 1614 quem
743 1552 871 1616 sequar,
906 1531 1002 1596 modo
1029 1553 1071 1596 ne

63 1619 130 1704 quis
163 1617 248 1683 illud
274 1622 343 1683 tam
372 1617 568 1684 ineruditum
596 1619 833 1703 absurdumque
859 1617 1069 1702 respondeat:

20 1754 24 1761 -
63 1706 272 1789 ‘Quamlibet
302 1705 398 1772 modo
421 1705 582 1790 aliquem?
627 1705 721 1772 Nihil
742 1710 853 1791 potest
875 1706 939 1771 dici
960 1707 1070 1772 incon-

63 1794 247 1861 sideratius.
283 1791 386 1879 Cupio
410 1795 502 1879 sequi
520 1792 655 1861 Stoicos.
691 1794 824 1861 Licetne
847 1792 977 1880 (omitto
1002 1794 1072 1880 ‘per

61 1879 296 1966 Aristotelem',
320 1904 391 1948 meo
414 1882 532 1949 iudicio
555 1883 590 1947 in
611 1883 821 1968 philosophia
843 1905 943 1967 prope
962 1883 1071 1968 singu-

34 1969 179 2056 alarsm)
201 1992 261 2055 per
282 1971 389 2055 ipsum
411 1971 631 2037 Antiochum?
661 1972 717 2056 qui
740 1971 967 2056 appellabatur
988 1971 1071 2036 Aca·

61 2059 216 2142 demicus,
238 2063 308 2124 erat
330 2059 470 2144 quidem,
492 2059 521 2124 si
542 2081 705 2144 perpauca
722 2060 924 2144 mutavisset,
946 2079 1072 2145 germa-

60 2148 218 2214 nissimus
250 2145 387 2213 Stoicus.
426 2146 501 2212 Erit
531 2148 635 2233 igitur
655 2169 707 2213 res
729 2149 795 2213 iam
817 2148 852 2213 in
875 2148 1071 2234 discrimine;

61 2258 137 2303 nam
171 2238 230 2301 aut
252 2233 380 2303 Stoicus
403 2236 619 2302 constituatur
651 2237 780 2321 sapiens
806 2256 921 2302 necesse
943 2242 987 2302 est
1017 2240 1073 2301 aut

61 2325 185 2391 vetoris
206 2322 415 2408 Academiam
450 2328 621 2409 utrumque
652 2347 718 2390 non
747 2327 868 2408 potest3
905 2327 956 2388 est
987 2325 1073 2389 enim

29 2413 149 2481 ainter
179 2434 236 2479 eos
261 2434 327 2479 non
355 2413 395 2478 de
421 2412 583 2495 terminis,
614 2412 670 2477 sed
702 2412 740 2477 de
766 2415 839 2478 tota
869 2414 1073 2495 possessione

63 2501 244 2568 contentio.
285 2498 372 2567 Nam
395 2501 500 2566 omnis
522 2500 607 2565 ratio
630 2501 716 2565 vitae
746 2499 931 2565 definitione
955 2499 1074 2564 summi

62 2590 143 2656 boni
166 2589 366 2674 continetur,
393 2589 433 2653 de
455 2610 520 2672 qua
541 2588 597 2673 qui
620 2588 791 2672 dissident,
815 2589 854 2653 de
877 2587 965 2652 omni
986 2587 1073 2651 vitae

63 2678 193 2745 ratione
216 2675 383 2742 dissident.
426 2675 504 2744 Non
525 2679 635 2761 potest
663 2676 766 2762 igitur
787 2679 921 2760 uterque
937 2697 1007 2740 esse
1026 2697 1074 2739 sa-

61 2765 330 2852 piens,quoniam
351 2768 445 2831 tanto
469 2786 565 2849 opere
588 2764 797 2848 dissentiunt,
824 2762 881 2829 sed
903 2765 993 2829 alter.
1039 2762 1074 2828 Si

28 2855 292 2938 aPolemoneus,
314 2850 428 2937 peccat
451 2850 577 2920 Stoicus
599 2854 646 2918 rei
668 2853 771 2919 falsae
786 2851 969 2917 adsentiens
983 2851 1075 2936 (nam

64 2964 125 3010 ros
147 2941 279 3027 quidem
291 2941 376 3006 nihil
389 2963 459 3007 esse
483 2941 590 3007 dicitis
610 2941 791 3025 asapiente
812 2943 881 3005 tarn
904 2937 1076 3026 alienum);

66 3031 120 3097 sin
139 3051 221 3097 vera
248 3032 325 3095 snnt
346 3030 498 3112 Zenonis,
524 3029 634 3094 eadem
661 3029 696 3094 in
718 3033 841 3094 veteres
864 3026 1075 3094 Academicos

65 3118 367 3205 Peripateticosque
403 3117 544 3183 dicenda
593 3116 657 3181 Hic
687 3116 788 3202 igitur
818 3118 925 3182 neutri
962 3117 1099 3181 adrem·

66 3207 167 3292 tiens,
189 3205 220 3272 si
240 3228 431 3291 numquam,
457 3210 530 3271 uter
551 3206 594 3271 sit
613 3206 750 3289 sopiens,
776 3205 948 3289 adparebat,
976 3222 1077 3269 accae

10 3300 195 3380 iustoque
221 3297 273 3361 est
301 3293 512 3378 prudentior?
530 3292 653 3370 ,Quid‘l
676 3316 749 3360 cum
775 3293 846 3378 ipsc
872 3291 1052 3358 Antiochus
1076 3309 1127 3359 133

17 3460 21 3467 ,
70 3382 224 3453 dissentit
236 3382 431 3471 quibusdam
453 3382 490 3448 in
511 3382 606 3448 rebus
630 3382 671 3447 ab
693 3381 756 3466 his,
779 3403 860 3466 quos
879 3382 976 3462 amat,
993 3376 1076 3445 Stoi·

70 3472 128 3559 ois,
156 3492 268 3539 nonne
293 3470 416 3537 indicat
439 3493 507 3537 non
533 3490 629 3556 posse
651 3470 709 3538 illa
735 3468 905 3556 probanda
926 3487 996 3533 esse
1025 3487 1075 3533 sa·
