2346 3876
87 152 152 214 172
250 151 298 205 DE
317 149 462 204 FINIBUS
480 148 660 203 BONORUM
677 148 724 202 ΕΤ
743 147 927 204 MALORUM

86 312 247 396 Epicurus
274 333 315 376 ne
344 311 635 396 argumentandum
664 310 792 395 quidem
820 331 892 374 esse
921 309 961 373 de
984 310 1093 393 volup-

86 404 168 484 tate,
196 399 280 484 quod
305 399 348 463 sit
375 400 517 482 positum
545 397 699 461 iudicium
723 400 791 461 eius
818 398 852 460 in
876 398 1038 480 sensibus,
1059 401 1095 460 ut

87 487 284 552 commoneri
306 509 366 551 nos
390 487 469 550 satis
493 487 550 569 sit,
571 486 655 549 nihil
674 485 812 549 attineat
835 485 954 550 doceri.
991 484 1094 561 Quare

86 575 145 640 illa
167 574 262 640 nobis
281 573 418 658 simplex
436 573 500 637 fuit
518 574 553 636 in
570 575 738 657 utramque
756 576 885 656 partem
908 573 1094 656 disputatio.

87 662 155 728 Nec
179 664 263 727 enim
286 663 320 726 in
343 661 499 747 Torquati
526 682 672 725 sermone
702 661 872 744 quicquam
894 660 1128 744 implicatums

88 756 144 816 aut
166 754 350 816 tortuosum
372 749 451 832 fuit,
472 752 660 831 nostraque,
687 753 724 812 ut
746 749 827 812 mihi
849 749 993 832 videtur,
1015 748 1095 812 dilu—

89 839 160 903 cida
182 838 296 904 oratio.
342 836 522 901 Stoicorum
546 841 654 901 autem
677 859 743 900 non
772 837 905 921 ignoras
933 837 1099 921 quamsit

89 928 223 1012 subtile,
245 926 297 990 vel
320 925 489 1009 spinosum
511 925 633 1009 potius,
656 924 833 989 disserendi
857 945 974 1009 genus,
1000 925 1098 1009 idque

88 1036 161 1079 cum
190 1013 334 1096 Graecis,
361 1016 432 1076 tum
458 1013 563 1097 magis
591 1013 700 1095 nobis,
727 1013 844 1096 quibus
871 1013 972 1076 etiam
999 1013 1101 1077 verba

87 1102 241 1186 parienda
260 1107 336 1165 sunt
352 1101 611 1184 imponendaque
628 1122 714 1165 nova
732 1101 828 1164 rebus
841 1103 936 1165 novis
955 1103 1097 1166 nomina
1115 1127 1128 1163 a

90 1189 183 1266 Quod
204 1189 331 1274 quidem
351 1210 445 1253 nemo
464 1188 668 1252 mediocriter
686 1188 800 1254 doctus
819 1188 994 1253 mirabitur
1013 1189 1098 1274 cogi-

88 1277 200 1341 tans
190 1300 225 1340 m
249 1277 337 1341 omni
360 1279 443 1360 arte,
470 1276 560 1340 cuius
583 1298 661 1340 usus
688 1276 830 1362 vulgaris
854 1277 1094 1361 communisque

88 1386 156 1430 non
183 1365 239 1448 sit,
266 1364 404 1428 multam
425 1364 601 1430 novitatem
622 1364 792 1428 nominum
815 1386 911 1467 1111,
926 1387 1000 1429 cum
1024 1387 1094 1430 con-

90 1414 266 1518 stituantiu
297 1474 408 1516 earum
440 1474 547 1516 rerum
577 1452 749 1535 vocabula,
787 1474 869 1536 quae
901 1453 936 1516 in
973 1473 1091 1538 quaque

53 1562 71 1608 4
90 1545 159 1605 arte
181 1544 358 1605 111111111.
401 1539 516 1641 Itaque
540 1544 572 1603 et
558 1540 757 1604 tdialectici
780 1544 813 1603 et
839 1541 983 1693 physicit
990 1540 1089 1606 verbis
1100 1559 1122 1599 1⁵

89 1630 259 1693 utuntur
249 1630 305 1711 ris,
334 1650 414 1714 quae
442 1628 506 1712 ipsi
534 1627 689 1692 Graeciae
714 1632 794 1701 nota
820 1649 887 1692 non
915 1629 996 1713 sint,
1025 1649 1090 1713 geo·

89 1721 211 1781 metrae
237 1739 313 1782 vero
341 1719 374 1780 et
396 1716 523 1799 musici,
550 1716 756 1800 grammatici
785 1716 884 1781 etiam
907 1738 998 1781 more
1021 1736 1089 1802 quc·

89 1805 164 1869 dam
186 1805 362 1890 loquuntur
385 1825 453 1869 suo.
487 1802 583 1886 Ipsae
606 1803 771 1869 rhetorum
795 1807 897 1887 artes,
920 1805 1090 1888 quaesunt

89 1895 176 1957 11111
204 1892 348 1958 forenses
377 1896 473 1976 atque
500 1892 689 1976 populares,
716 1892 823 1956 verbis
851 1895 963 1957 tamen
988 1893 1023 1957 in
1044 1892 1088 1956 do

90 1981 189 2045 ceudo
213 1980 305 2065 quasi
327 1979 465 2063 privatis
486 1983 624 2044 utuntur
646 2002 683 2044 ao
707 1979 782 2045 suis.
1098 2000 1119 2042 1

48 2073 70 2135 2
156 2068 264 2152 Atque
286 2071 324 2132 ut
342 2068 492 2132 omittam
514 2067 574 2132 has
590 2068 678 2154 artis
696 2068 860 2152 elegantes
880 2072 913 2133 et
930 2069 1091 2154 ingenuas,

88 2177 143 2220 ne⁴
163 2157 291 2239 opifices
323 2155 451 2239 quidem
482 2156 566 2219 tueri
598 2178 656 2220 sua
685 2155 822 2220 artificia
854 2161 1005 2241 possent,
1034 2155 1090 2221 nisi

89 2244 255 2308 vocabulis
296 2247 462 2308 uterentur
496 2244 593 2309 nobis
629 2243 820 2328 incognitis,
856 2244 988 2309 usitatis
1026 2243 1090 2310 sibi

90 2331 176 2408 Quin
213 2332 311 2397 etiam
348 2332 420 2416 agri
456 2333 595 2415 cultura,
632 2354 713 2417 quae
749 2331 904 2397 abhorret
935 2334 978 2398 ab
1011 2331 1091 2399 omni

89 2420 241 2504 politiore
265 2419 439 2504 elegantia,
461 2423 572 2484 tamen
590 2442 644 2483 eas
663 2442 728 2502 res,
751 2419 786 2483 in
805 2420 922 2504 quibus
941 2425 1120 2502 versatur,u

88 2508 276 2572 nominibus
298 2507 427 2573 notavit
448 2508 552 2572 novis.
597 2507 667 2582 Quo
688 2508 794 2592 magis
817 2507 879 2572 hoc
901 2508 1054 2594 philosop
1055 2509 1091 2574 ho

88 2595 271 2661 faciendum
304 2599 361 2661 est.
338 2595 479 2660 tArs
508 2599 558 2659 est
581 2595 668 2658 enim
694 2595 903 2679 philosophia
931 2597 1034 2680 vitae,
1060 2596 1093 2662 de

89 2707 153 2768 qua
186 2684 346 2749 disserens
386 2684 530 2766 arripere
566 2683 680 2748 verba
702 2683 740 2747 de
771 2683 843 2747 foro
878 2705 946 2748 non
981 2688 1093 2768 potest

54 2772 292 2856 oQuamquam
324 2793 362 2835 ex
394 2771 543 2837 omnibus
580 2770 784 2872 philosophis
822 2768 924 2836 Stoici
959 2774 1094 2856 plurima

88 2863 288 2924 novaverant
288 2858 477 2944 Z,enoque,
501 2880 611 2924 eorum
633 2859 793 2943 princeps,
815 2881 881 2923 non
899 2863 968 2924 tam
991 2882 1125 2925 reruma

89 2947 237 3012 inventor
268 2948 332 3012 fuit
364 2969 461 3031 quam
493 2947 664 3012 verborum
695 2968 861 3012 novorum.
913 2946 1074 3024 Quodsi
1065 2971 1096 3013 m

89 3057 127 3099 ea
145 3036 264 3119 lingua,
284 3058 382 3120 quam
398 3035 543 3119 plerique
562 3036 743 3099 uberiorem
760 3037 888 3119 putant,
909 3057 1097 3103 concessum

89 3126 151 3206 est,
179 3128 215 3187 ut
242 3123 423 3190 doctissimi
449 3123 597 3188 homines
626 3122 664 3186 de
691 3122 787 3187 rebus
815 3144 881 3187 non
911 3125 1097 3210 pervagatis

89 3211 254 3275 inusitatis
277 3212 384 3276 verbis
407 3214 591 3294 uterentur,
609 3215 730 3295 quanto
753 3210 786 3274 id
807 3211 901 3275 nobis
921 3213 1029 3298 magis
1052 3218 1100 3278 est

88 3298 333 3383 concedendum,
352 3299 408 3383 qui
427 3321 465 3363 ea
481 3319 566 3364 nunc
584 3299 724 3382 primum
738 3298 892 3364 audemus
912 3300 1099 3386 attingere?
1111 3326 1128 3366 11

86 3386 132 3450 nt
163 3389 314 3471 quoniam
346 3408 442 3470 saepe
473 3386 625 3470 diximus,
658 3389 690 3450 11
722 3386 851 3470 quidem
884 3409 957 3452 cum
987 3389 1102 3474 aliqua

84 3475 217 3555 querela
237 3497 304 3540 non
328 3473 525 3540 Graecorum
547 3475 657 3559 modo,
685 3473 741 3539 sed
764 3496 876 3540 eorum
899 3475 1024 3562 etiam,
1046 3478 1103 3564 qui
