2346 3876
313 169 380 223 ΜΒ.
400 169 433 224 V.
462 169 538 224 OAP.
560 175 645 224 u-o.
674 175 830 235 §18-24.
1005 169 1072 234 433

61 333 134 395 tute
158 328 216 413 sit,
238 330 320 394 nihil
344 353 414 394 esse
436 331 501 394 nisi
523 331 677 395 virtutem
699 331 829 395 bonum.
869 330 930 395 Sed
952 330 1072 396 Brutus

62 422 139 482 tuus
164 421 294 483 auotore
313 417 425 483 Aristo
449 422 483 482 et
501 418 662 484 Antiocho
681 441 746 483 non
765 420 864 483 sentit
881 419 956 501 hoo;
979 423 1074 502 putat

63 507 165 588 enim,
190 506 318 570 etiamsi
342 507 384 570 sit
406 507 528 571 bonum
552 507 681 590 aliquod
703 511 830 590 praeter
851 507 1014 570 virtutem.

130 599 178 673 M.
210 593 295 669 Quid
326 593 447 679 igitur?
480 601 592 659 eontra
623 594 802 659 Brutumne
832 617 883 658 me
912 595 1072 658 dicturum

41 681 182 766 sputos?
751 688 754 692 ’

128 770 172 833 A.
204 769 251 833 Tu
277 791 367 852 vero,
394 774 431 833 ut
458 770 598 853 videtur3
627 792 704 834 nam
732 770 901 853 praefinire
928 792 994 834 non
1023 775 1072 834 est

63 879 180 922 meum.

129 951 176 1008 M.
190 944 284 1020 ,Quid
303 945 417 1028 cuique
436 945 536 1029 igitur
554 949 806 1010 consentaneum
826 947 883 1029 sit,
907 947 970 1010 alio
990 946 1070 1010 loco.
1090 962 1124 1010 22

62 1032 150 1098 Nam
174 1033 240 1097 ista
263 1033 344 1097 mihi
368 1038 494 1098 etcum
512 1032 676 1099 Antiocho
696 1055 791 1117 saepe
815 1037 847 1098 et
870 1056 942 1099 eum
960 1034 1072 1099 Aristo

34 1141 50 1183 u
61 1143 180 1205 nuper,
208 1143 281 1185 oum
304 1121 441 1184 Athenis
469 1121 645 1204 imperator
672 1100 756 1205 apud
780 1143 852 1186 eum
881 1122 1073 1205 deversarer,

62 1209 224 1275 dissensio
255 1208 326 1275 fuit.
380 1209 464 1273 Mihi
495 1209 579 1273 enim
611 1232 676 1274 non
703 1210 873 1275 videbatur
903 1211 1073 1294 quisquam

61 1321 136 1363 esse
155 1297 269 1361 beatus
287 1319 398 1380 posse,
421 1319 494 1361 oum
511 1298 546 1360 in
564 1298 659 1362 malis
678 1301 775 1380 esset3
798 1300 833 1362 in
851 1299 945 1362 malis
965 1304 1072 1363 autem

63 1386 247 1470 sapientem
271 1407 341 1449 esse
364 1407 473 1468 posse,
496 1385 524 1449 si
548 1389 655 1449 essent
675 1387 742 1450 ulla
766 1387 907 1468 eorporis
932 1390 987 1449 aut
1009 1387 1073 1451 for·

59 1479 163 1540 tunae
196 1473 292 1538 mala.
345 1471 544 1538 Dicebantur
574 1472 667 1555 haee,
699 1495 780 1557 quae
812 1474 942 1556 scripsit
974 1474 1071 1538 etiam

34 1560 248 1628 sAntioohus
288 1562 368 1625 loois
404 1561 568 1644 pluribus,
603 1561 758 1624 virtutem
799 1561 904 1644 ipsam
939 1583 998 1644 per
1038 1583 1072 1626 se

61 1652 194 1716 beatam
214 1649 316 1714 vitam
335 1648 459 1713 efficere
477 1670 573 1733 posse
590 1670 692 1733 neque
710 1653 819 1713 tamen
837 1649 1071 1734 beatissimam,

60 1737 177 1804 deinde
198 1759 236 1800 ex
254 1737 375 1802 maiore
393 1741 486 1819 parte
505 1737 675 1822 plerasque
688 1758 740 1801 res
754 1737 924 1820 nominari,
942 1737 1072 1802 etiamsi

60 1848 144 1912 quae
173 1847 247 1908 pars
275 1826 415 1902 abesset,
441 1827 479 1888 ut
506 1825 605 1908 vires,
637 1828 675 1889 ut
700 1825 932 1908 valetudinem,
961 1828 997 1889 ut
1026 1825 1071 1889 di-

59 1914 175 1995 vitias,
206 1916 244 1976 ut
274 1911 443 1995 honorem,
475 1917 511 1976 ut
542 1913 695 1997 gloriam,
731 1934 811 1996 quae
843 1932 971 1997 genere,
1006 1935 1072 1978 non

34 2022 197 2067 ›numero
226 2003 445 2082 cernerentur3
473 2001 551 2064 item
580 2001 708 2065 beatam
737 2001 851 2082 vitam,
879 2000 1007 2065 etiamsi
1033 2023 1072 2066 ex

61 2090 175 2173 aliqua
197 2092 290 2171 parte
314 2089 491 2170 clauderet,
514 2092 624 2152 tamen
648 2110 686 2152 ex
709 2089 812 2154 multo
836 2090 958 2154 maiore
980 2093 1072 2172 parte

61 2177 212 2242 obtinere
234 2198 354 2240 nomen
377 2198 478 2250 suum.
527 2175 616 2240 Haeo
639 2199 724 2241 nuno
747 2177 912 2242 enucleare
934 2199 1000 2242 non
1025 2179 1073 2242 ita
1090 2192 1124 2241 23

60 2286 195 2332 neeesse
218 2267 280 2345 est,
308 2286 503 2348 quamquam
525 2286 592 2329 non
614 2266 876 2330 constantissime
905 2266 968 2329 diei
991 2266 1072 2330 mihi
1136 2336 1137 2340 ,

61 2353 222 2418 videntur.
258 2351 344 2422 Nam
363 2356 409 2434 et,
431 2353 486 2436 qui
504 2353 617 2417 beatus
639 2356 700 2430 est,
723 2374 789 2417 non
811 2354 976 2436 intelleg0,
995 2354 1072 2438 quid

34 2440 221 2525 orequirat,
248 2443 284 2504 ut
311 2440 355 2504 sit
381 2440 507 2504 beatior
535 2438 578 2524 (si
605 2442 655 2504 est
677 2441 776 2523 enim,
805 2441 889 2524 quod
913 2441 1009 2524 desit,
1031 2463 1071 2505 ne

62 2531 181 2595 beatus
210 2528 338 2612 quidem
366 2527 442 2612 est),
469 2531 514 2611 et,
541 2527 626 2612 quod
650 2549 688 2591 ex
710 2529 832 2592 maiore
858 2531 950 2610 parte
973 2551 1072 2593 unam

61 2638 224 2702 quamque
241 2638 310 2681 rem
335 2616 491 2699 appellari
515 2616 715 2700 spectarique
739 2616 864 2698 dieunt,
888 2619 937 2679 est
960 2617 1016 2680 ubi
1038 2617 1071 2680 id
1150 2658 1152 2665 ,

60 2707 128 2770 isto
152 2704 246 2768 modo
270 2704 392 2787 valeat3
416 2726 487 2768 eum
506 2725 581 2768 vero
600 2704 665 2768 tria
687 2725 807 2789 genera
825 2704 982 2768 malorum
1001 2725 1071 2768 esse

62 2794 189 2874 dicant,
212 2792 267 2877 qui
290 2791 426 2856 duorum
450 2811 604 2874 generum
622 2793 717 2856 malis
737 2792 886 2856 omnibus
909 2795 1071 2877 urgeatur,

34 2885 100 2947 out
119 2881 229 2945 omnia
247 2880 384 2944 advorsa
402 2880 469 2944 sint
490 2880 524 2943 in
546 2880 690 2964 fortuna,
713 2881 862 2944 omnibus
882 2901 1070 2964 oppressum

61 2990 181 3052 corpus
192 2972 225 3032 et
234 2968 413 3032 confectum
423 2968 598 3051 doloribus,
611 2967 686 3032 huic
700 2970 873 3051 paulumne
887 2968 927 3032 ad
941 2969 1070 3033 beatam

59 3059 164 3122 vitam
189 3056 298 3120 deesse
322 3056 477 3140 dicemus,
500 3078 566 3120 non
588 3056 684 3120 modo
708 3055 749 3121 ad
771 3055 1014 3122 beatissimam?

129 3144 201 3224 Hoc
228 3145 310 3208 illud
338 3148 400 3227 est,
429 3143 513 3228 quod
540 3144 783 3228 Theophrastus
816 3145 974 3210 sustinere
1005 3113 1124 3240 non294

60 3233 179 3319 potuit.
223 3232 310 3298 Nam
333 3255 405 3297 oum
431 3232 598 3296 statuisset
624 3233 771 3315 verbera,
797 3235 972 3313 tormenta,
1001 3254 1070 3297 oru-

34 3321 181 3402 salawa,
208 3321 332 3404 patriae
359 3320 554 3403 eversiones,
588 3321 696 3403 exilia,
729 3320 885 3385 orbitates
917 3339 1071 3403 magnam
1141 3325 1152 3389 ῗῑ

60 3410 131 3475 vim
162 3408 282 3473 hahere
314 3409 355 3473 ad
387 3409 471 3473 male
503 3409 681 3492 misereque
712 3408 895 3485 vivendum,
927 3428 992 3472 non
1022 3411 1072 3472 est

61 3518 161 3562 ausus
185 3498 269 3562 elate
292 3501 324 3560 et
342 3497 448 3580 ample
471 3497 573 3580 loqui,
596 3519 669 3561 oum
686 3495 853 3561 humiliter
870 3495 1073 3577 demisseque

116 3608 168 3648 oro,
181 3610 220 3647 rr.
240 3613 258 3648 ι,
887 3602 929 3650 ‘th
