2346 3876
315 165 423 221 Ι.1Β.Ι.
450 166 528 222 cAP.
548 174 594 237 19,
613 173 655 224 ao.
685 173 841 233 §ca-oa.
1023 167 1085 231 117

74 348 138 410 que
172 327 274 393 variis
306 328 348 392 ab
378 328 494 392 ultima
525 330 717 413 antiquitate
752 331 899 413 repetitis
935 330 1000 395 tria
1033 331 1087 393 vix

74 415 257 480 amicorum
280 416 373 499 paria
393 417 609 500 reperiuntur,
630 421 668 481 ut
690 419 731 483 ad
749 417 896 484 Orestem
918 419 1086 502 pervenias

74 503 245 586 profectus
269 527 288 568 a
311 503 445 569 Theseo.
489 505 535 569 At
557 528 632 570 vero
655 504 815 589 Epicurus
837 529 903 570 una
925 507 960 571 in
982 505 1087 588 domo,

77 595 110 655 et
123 613 165 656 ea
183 592 315 676 quidem
333 595 480 678 angusta,
498 614 594 677 quam
613 615 750 679 magnos
767 598 948 678 quantaque
967 595 1087 658 amoris

51 680 322 763 aconspiratione
351 681 587 746 eonsentientes
615 682 720 746 tenuit
751 683 927 746 amicorum
959 684 1086 766 greges!

78 766 172 843 Quod
194 769 233 832 fit
256 768 355 833 etiam
376 790 461 834 nunc
479 770 520 834 ab
538 769 717 854 Epicureis.
755 768 817 834 Sed
836 770 877 834 ad
894 791 963 834 rem
981 771 1087 834 redea-

78 878 165 938 mus3
182 856 225 920 de
241 854 426 921 hominibus
445 856 508 921 dici
526 878 592 922 non
609 879 740 923 necesse
759 863 815 922 est.
849 857 967 923 Tribus
986 858 1086 942 igitur
1106 879 1139 926 aa

80 944 185 1009 modis
218 944 312 1009 video
344 966 414 1011 esse
442 967 462 1009 a
487 945 609 1011 nostris
639 945 677 1010 de
705 947 849 1011 amicitia
878 947 1086 1029 disputatum.

80 1031 148 1095 Alii
176 1054 250 1096 cum
278 1053 332 1097 eas
360 1034 556 1116 voluptates,
578 1054 658 1117 quae
677 1034 718 1099 ed
739 1035 859 1099 amicos
882 1035 1087 1117 pertinerent,

48 1147 71 1184 ιο
81 1125 239 1204 negarent
271 1142 341 1185 esse
374 1142 432 1205 per
463 1143 498 1186 se
529 1123 617 1205 ipsas
648 1126 717 1186 tam
749 1122 954 1205 expetendas,
990 1145 1087 1206 quam

82 1211 211 1272 nostras
247 1213 480 1293 expeteremuS,
521 1230 583 1293 quo
623 1211 695 1274 loco
734 1209 860 1274 videtur
894 1211 1087 1294 quibusdam

85 1296 244 1360 stabilitas
258 1297 419 1363 amicitiae
432 1298 596 1380 vacillare,
613 1300 743 1362 tuentur
760 1301 871 1363 tamen
888 1320 962 1363 eum
979 1299 1087 1364 locum

86 1405 177 1467 seque
205 1384 315 1468 facilc,
346 1389 383 1449 ut
413 1385 494 1449 mihi
520 1386 658 1469 videtur,
690 1386 869 1470 expediunt.
922 1385 969 1452 Ut
1001 1388 1087 1451 enim

87 1473 231 1557 virtutes,
262 1473 301 1538 de
332 1473 448 1557 quibus
481 1477 556 1538 ante
587 1473 708 1538 dictum
740 1478 802 1558 est,
834 1476 881 1539 sic
910 1475 1087 1539 amicitiam

60 1565 202 1644 onegant
228 1582 325 1645 posse
353 1583 373 1625 a
398 1561 564 1646 voluptate
592 1561 762 1626 discedere.
805 1561 892 1627 Nam
917 1583 991 1626 cum
1013 1563 1087 1626 soli-

90 1649 160 1713 tudo
187 1652 221 1714 et
246 1650 316 1714 vita
341 1649 412 1714 sinc
440 1649 552 1715 amicis
579 1649 768 1714 insidiarum
796 1652 829 1713 et
856 1653 960 1713 metus
991 1650 1087 1734 plena

93 1736 143 1819 sit,
176 1738 261 1802 ratio
300 1739 373 1821 ipsa
404 1740 514 1803 monet
546 1738 704 1802 amicitias
737 1759 937 1820 comparare,
973 1737 1087 1821 quibus

93 1825 185 1906 partis
203 1826 410 1891 confirmatur
428 1826 553 1891 animus
572 1831 605 1890 et
623 1849 643 1890 a
661 1847 716 1910 spe
728 1826 953 1910 pariendarum
975 1826 1088 1909 volup·

95 1915 188 1977 tatum
214 1914 341 1998 seiungi
367 1936 433 1978 non
459 1917 573 1998 potest.
626 1914 733 1998 Atque
760 1917 797 1978 ut
824 1913 911 1998 odia,
940 1914 1088 1996 invidiae,
1107 1925 1139 1973 67

67 1999 319 2085 adespicationes
347 2001 556 2067 adversantur
582 2001 817 2085 voluptatibus,
849 2002 895 2067 sic
926 2002 1088 2066 amicitiae

97 2107 151 2153 non
171 2090 266 2155 modo
288 2088 441 2154 fautrices
464 2089 683 2173 fidelissimae,
714 2089 769 2153 sed
792 2090 890 2154 etiam
912 2090 1087 2155 effectrices

99 2179 161 2240 sunt
186 2178 392 2262 voluptatum
417 2180 485 2242 tam
513 2178 623 2242 amicis
651 2200 749 2262 quam
776 2178 853 2261 sibi3
880 2179 996 2262 quibus
1021 2201 1088 2243 non

99 2264 188 2329 solum
209 2266 434 2350 praesentibus
456 2265 619 2350 fruuntur,
642 2266 696 2329 sed
721 2267 819 2330 etiam
842 2289 896 2350 spe
920 2268 1088 2351 eriguntur

99 2355 308 2437 consequentis
345 2375 381 2418 ac
416 2354 539 2438 posteri
570 2355 733 2436 temporis.
793 2353 962 2438 Quodquia
996 2355 1086 2417 nullo

68 2459 87 2498 2⁵
98 2441 178 2506 modo
201 2443 270 2507 sine
293 2441 436 2507 amicitia
456 2442 583 2505 firmam
601 2445 634 2506 et
651 2446 839 2526 perpetuam
857 2441 1088 2506 iucunditatem

98 2527 170 2594 vitae
194 2533 303 2594 tenere
330 2551 501 2613 possumus
532 2551 635 2613 neque
666 2552 741 2595 vcro
774 2530 879 2613 ipsam
910 2528 1087 2593 amicitiam

96 2617 178 2700 tueri,
204 2620 270 2683 nisi
298 2639 396 2701 aeque
424 2618 544 2682 amicos
574 2623 606 2682 et
637 2618 880 2700 nosmetipsos
907 2616 1087 2700 diligamus,

97 2701 201 2769 idcirco
225 2709 258 2770 et
279 2705 341 2771 hoc
362 2707 470 2788 ipsum
493 2705 632 2770 efficitur
654 2706 688 2770 in
711 2705 866 2784 amicitia,
889 2710 922 2768 et
945 2704 1088 2769 amicitia

97 2810 157 2856 cum
175 2793 340 2877 voluptate
359 2793 544 2858 conectitur.
579 2793 665 2858 Nam
685 2797 717 2858 et
734 2793 894 2858 laetamur
911 2793 1088 2858 amicorum

68 2876 209 2946 oleetitia
242 2903 342 2967 aeque
375 2885 471 2966 atque
502 2885 614 2946 nostra
647 2885 679 2946 et
709 2882 831 2965 pariter
858 2881 1002 2946 dolemus
1033 2903 1087 2945 an·

96 2969 223 3049 goribus.
269 2968 425 3045 Quocirca
450 2969 562 3034 eodem
585 2969 681 3033 modo
711 2969 838 3053 sapiens
866 2970 928 3034 erit
955 2970 1087 3034 affectus
1106 2987 1139 3037 ca

96 3074 161 3141 erga
197 3058 349 3141 amicum,
387 3079 451 3141 quo
487 3058 522 3122 in
558 3079 592 3122 se
628 3058 748 3140 ipsum,
784 3078 927 3141 quosque
958 3057 1087 3122 labores

94 3149 216 3228 propter
240 3167 332 3210 suam
353 3147 555 3228 voluptatem
576 3146 764 3228 susciperet,
788 3145 916 3210 eosdem
935 3144 1089 3227 suscipiet

94 3237 214 3317 propter
250 3233 347 3298 amici
384 3233 594 3316 voluptatem.
653 3233 803 3316 Quaeque
839 3234 877 3297 de
913 3232 1087 3296 virtutibus

65 3317 171 3386 edicta
193 3326 281 3405 sunt,
305 3343 398 3406 quem
421 3322 461 3386 ad
484 3321 615 3386 modum
641 3342 695 3384 eae
719 3342 845 3403 semper
867 3319 1087 3402 voluptatibus

34 3412 36 3469 ἱ
93 3405 294 3494 inhaererent,
313 3410 423 3474 eadem
443 3409 482 3474 de
499 3409 641 3474 amicitia
659 3408 792 3472 dicenda
809 3411 892 3470 sunt.
919 3406 1088 3493 Pramlare

34 3506 36 3571 j
93 3497 170 3561 enim
191 3497 350 3582 Epicurus
377 3497 429 3563 his
454 3519 557 3582 paene
584 3496 710 3564 verbisr
737 3493 929 3581 ‘Eadem',
948 3493 1098 3577 inquit,
