2346 3876
132 155 197 220 352
326 152 623 209 TUSCULANARUM
642 151 947 208 DISPUTATIONUM

133 321 169 381 ut
197 317 331 380 vidisset
358 319 390 379 et
418 315 627 380 salutavisset
653 313 903 397 honorificisque
930 315 1035 379 verbis
1064 335 1123 398 pro-

134 407 261 468 secutus
285 407 370 468 esset
392 403 591 485 molesteque
614 424 648 466 se
678 401 813 466 dixisset
834 402 933 485 ferre,
961 401 1045 486 quod
1065 423 1124 466 eum

131 514 198 557 non
215 494 327 574 posset
344 490 467 572 audire,
486 490 606 554 atille:
631 488 698 553 ‘Tu
717 487 836 570 vero',
853 488 976 573 inquit,
1000 489 1124 572 ‘potes

131 579 472 660 neccommittam,
503 580 544 640 ut
565 576 674 641 dolor
701 576 877 659 corporis
906 576 1069 656 efficiat,
1092 579 1124 640 ut

132 667 282 730 frustra
304 668 436 729 tantus
460 665 518 729 vir
542 664 586 728 ad
609 686 664 728 me
687 662 860 728 venerit?
897 663 1013 748 Itaque
1032 685 1141 728 narras

133 755 191 818 bat
219 775 292 816 eum
319 753 462 837 graviter
490 755 522 815 et
549 752 677 833 copiose
700 750 739 814 de
765 752 828 815 hoc
850 751 936 834 ipso,
963 751 1047 816 nihil
1068 772 1125 815 esse

133 841 267 918 bonum,
289 841 355 904 nisi
377 838 462 923 quod
485 843 571 903 esset
591 839 778 919 honestum,
801 838 976 903 cubantem
998 839 1125 923 disputa·

133 929 233 1010 visse,
266 948 400 1010 cumque
432 927 524 1009 quasi
550 927 638 990 faces
672 927 701 989 ei
732 925 852 990 doloris
885 925 1124 1002 admoverentur,
1153 996 1156 1001 ,

134 1036 228 1098 saepe
260 1015 391 1078 dixisse:
433 1012 558 1077 ‘Nihil
590 1014 689 1099 agis,
725 1013 847 1113 dolor!
879 1015 1053 1097 quamvis
1081 1014 1124 1126 sis

80 1100 1151 1271 am⁰tribul:”stlthllttttltl‘ltttlt}-¹·

80 1245 114 1294 ⁶2
133 1276 254 1358 templo
276 1276 359 1339 fiunt
377 1277 476 1339 etiam
499 1276 697 1340 tolerabiles.
732 1275 939 1359 Videmusne,
958 1277 1042 1361 apud
1059 1296 1125 1360 quos

133 1385 243 1428 corum
279 1362 439 1441 ludorum,
476 1363 531 1446 qui
567 1364 711 1447 gymnici
745 1363 971 1448 nominantur,
1005 1383 1124 1449 magnus

75 1501 78 1505 .
132 1451 236 1516 honos
260 1451 316 1534 sit,
338 1450 464 1514 nullum
487 1451 528 1514 ab
551 1450 606 1534 iis,
632 1452 688 1534 qui
709 1451 745 1515 in
766 1450 799 1515 id
828 1455 992 1516 certamen
1014 1452 1124 1517 descen·

133 1537 225 1621 dant,
246 1538 384 1602 devitari
406 1537 572 1603 dolorem?
599 1538 684 1621 apud
712 1560 792 1622 quos
816 1539 926 1603 autem
949 1539 1082 1605 venandi
1100 1540 1152 1603 eta

133 1625 568 1798 illitildlohthwbela
587 1626 771 1778 tritt,
793 1627 1125 1800 lttltttulttt

134 1800 172 1865 de
196 1800 373 1884 cupiditate
395 1801 555 1865 honorum
578 1802 714 1884 loquar?
737 1823 819 1885 quae
841 1801 975 1868 flamma
998 1807 1061 1887 est,
1080 1820 1126 1886 per

134 1910 231 1971 quam
257 1910 324 1953 non
351 1889 551 1952 cucurrerint
577 1889 614 1971 ii,
644 1888 699 1972 qui
721 1888 800 1953 haec
823 1889 902 1954 olim
924 1892 1054 1974 punctis
1074 1890 1126 1954 sin·

133 1976 218 2058 gulis
232 1975 453 2059 colligebant?
484 1975 600 2060 Itaque
614 1997 740 2059 semper
755 1975 928 2041 Africanus
942 1975 1154 2043 Socraticum·

133 2061 378 2144 Xenophontem
408 2063 443 2126 in
470 2064 620 2127 manibus
652 2063 807 2147 habebat,
839 2065 930 2129 cuius
963 2066 998 2130 in
1029 2065 1127 2150 primis

134 2148 288 2213 laudabat
306 2150 396 2232 illud,
417 2150 503 2233 quod
521 2151 643 2215 diceret
661 2151 790 2216 eosdem
807 2152 937 2218 labores
955 2175 1024 2218 non
1042 2170 1128 2236 aeque

135 2237 243 2319 gravis
282 2259 352 2302 esse
383 2239 571 2320 imperatori
604 2242 637 2302 et
667 2238 778 2321 militi,
814 2240 901 2322 quod
932 2240 1003 2323 ipse
1038 2241 1128 2305 honos

81 2346 114 2394 63
133 2324 279 2389 laborem
306 2325 461 2390 leviorem
487 2325 608 2390 laceret
637 2326 890 2410 imperatorium.
940 2325 1004 2392 Sed
1032 2332 1128 2392 tamen

132 2412 193 2476 hoc
223 2413 342 2495 evenit,
369 2413 467 2476 utin
494 2413 609 2496 volgus
637 2414 858 2497 insipientium
891 2415 1004 2498 opinio
1035 2414 1169 2533 sulcata,

132 2500 325 2582 honestatis,
357 2521 430 2563 cum
461 2500 565 2583 ipsam
597 2501 705 2566 videre
737 2524 803 2567 non
837 2503 976 2584 possint.
1029 2502 1128 2586 Itaque
1162 2536 1169 2585 l

132 2586 221 2650 fama
249 2591 281 2651 et
307 2587 525 2651 multitudinis
553 2587 671 2653 iudicio
701 2592 882 2673 moventur,
914 2612 989 2656 cum
1020 2591 1053 2656 id
1080 2589 1128 2653 ho
1165 2596 1169 2667 l

132 2678 261 2737 nestum
283 2678 411 2758 putent,
434 2674 520 2758 quod
540 2697 559 2738 a
576 2676 736 2759 plerisque
760 2677 916 2741 laudetur.
953 2677 1000 2743 Te
1023 2681 1128 2757 autem,
1164 2674 1169 2753 ἶ

133 2760 162 2824 si
184 2761 221 2823 in
243 2762 344 2826 oculis
369 2762 413 2825 sis
436 2761 667 2840 multitudinis,
689 2769 800 2829 tamen
823 2764 892 2828 eius
914 2765 1035 2832 iudicio
1054 2769 1128 2830 stare
1163 2770 1169 2821 ἶ

132 2846 233 2910 nolim
250 2869 323 2931 nec,
342 2849 427 2931 quod
444 2849 503 2912 illa
520 2854 625 2934 putet,
644 2850 729 2915 idem
747 2856 861 2934 putare
879 2852 1158 2936 pdlcherrimnme

133 2933 202 2998 Tuo
229 2933 292 2997 tibi
319 2936 437 3001 iudicio
466 2940 517 3001 est
542 2937 710 3022 utendum;
737 2939 799 3003 tibi
828 2939 856 3003 si
878 2944 969 3006 recta
990 2936 1128 3025 probanti

133 3021 288 3104 placebis,
310 3025 380 3085 tum
398 3045 463 3088 non
481 3024 577 3089 modo
601 3028 667 3090 tete
689 3026 818 3105 viceris,
841 3027 928 3110 quod
949 3029 1048 3112 paulo
1066 3029 1127 3093 ante

82 3131 115 3181 64
133 3108 384 3192 praecipiebam,
412 3110 468 3173 sed
495 3113 600 3176 omnis
628 3116 661 3177 et
687 3114 803 3178 omnia.
847 3113 920 3179 Hoc
948 3117 1051 3201 igitur
1077 3109 1127 3178 tibi

132 3217 289 3280 propone,
312 3196 558 3279 amplitudinem
578 3200 678 3264 animi
696 3205 730 3265 et
751 3202 843 3285 quasi
864 3203 1028 3286 quandam
1046 3217 1139 3283 exsp·-
1167 3254 1169 3297 ,

133 3283 332 3368 gerationem
368 3305 465 3366 quam
501 3286 693 3352 altissimam
730 3289 842 3373 animi,
882 3311 966 3374 quae
1003 3290 1124 3356 maxim
1165 3338 1169 3355 .

133 3371 253 3435 eminet
275 3371 517 3436 contemnendis
540 3377 572 3437 et
595 3374 808 3458 despiciendis
835 3376 1017 3461 doloribus,
1042 3392 1123 3442 unam
1161 3432 1169 3463 ,

127 3480 199 3526 esse
228 3460 373 3529 omnium
401 3481 472 3526 rem
497 3459 759 3546 pulcherrimam,
786 3485 887 3548 eoque
911 3464 1121 3548 pulchriorem,
1160 3462 1169 3564 ἑ

62 3582 136 3624 ’,ι
