2346 3876
277 153 383 208 1111.
413 131 489 206 car.
511 158 631 207 11-13.
659 159 674 217 a
693 159 814 208 13-11.
983 152 1048 218 289

106 319 154 377 M.
179 312 249 389 Quo
276 313 372 378 modo
401 314 500 398 igitur
523 317 579 378 aut
602 336 658 380 cur
680 318 818 378 mortem
841 315 964 379 malum
986 316 1049 380 tibi

34 401 144 466 videri
168 401 270 465 (111111
294 423 374 486 quae
398 405 454 466 aut
477 403 590 466 beatos
612 424 671 466 nos
696 402 815 466 efficiet
842 403 958 467 animis
982 425 1048 466 ma·

34 489 194 553 nantibus
218 493 275 553 aut
295 511 361 554 non
384 490 519 555 miseros
543 512 638 554 sensu
662 491 809 555 carentis.
1039 542 1102 604 q?

106 578 148 642 A.
176 577 349 661 1111110111Ι
340 579 401 662 rgit
402 600 453 661 ur,
479 579 544 642 nisi
566 579 739 642 molestum
763 583 825 662 est,
848 581 997 681 primum,
1021 581 1048 644 si
1067 619 1102 667 25

39 669 150 749 potes,
174 666 299 731 animos
321 687 487 730 remanere
509 670 586 750 post
607 671 758 748 mortem,
783 670 867 750 tum,
891 668 918 731 si
941 669 1048 732 minus

39 753 73 816 id
97 754 261 818 obtinebis
285 752 350 839 (est
372 754 457 818 enim
480 754 644 906 arduum),
672 754 803 819 docebis
831 776 937 819 carere
961 757 1048 820 omni

40 843 127 907 malo
147 845 294 908 mortem.
321 842 394 927 Ego
409 843 495 906 enim
513 843 556 907 ist
557 865 596 907 uc
614 843 720 925 ipsum
738 864 851 909 vereor
868 865 908 906 ne
927 844 1048 908 malum

42 930 97 1014 sit,
119 952 186 994 non
210 930 280 995 dico
304 952 412 994 carere
435 951 543 1014 sensu,
567 931 623 995 sed
646 930 816 995 carendum
840 953 919 996 esse.

106 1025 153 1082 Μ.
177 1018 372 1084 Auctoribus
395 1019 523 1102 quidem
543 1019 583 1083 ad
605 1019 702 1082 istam
727 1020 928 1103 sententiam,
952 1042 1048 1103 quam

44 1107 89 1171 vis
118 1107 272 1190 obtineri,
299 1107 348 1170 uti
371 1107 502 1190 optimis
525 1129 711 1191 possumus,
734 1108 820 1190 quod
842 1109 876 1171 in
899 1109 1048 1173 omnibus

47 1195 151 1259 causis
175 1197 209 1258 et
232 1195 328 1258 debet
350 1199 383 1258 et
405 1194 489 1258 solet
510 1195 617 1258 valere
640 1195 827 1280 plurimum,
856 1201 888 1260 et
910 1197 1050 1279 primum

47 1283 175 1367 quidem
198 1284 285 1347 omni
308 1283 515 1367 antiquitate,
538 1304 618 1366 quae
637 1305 700 1366 quo
721 1285 854 1367 propius
873 1285 986 1349 aberat
1009 1286 1049 1349 ab

47 1374 117 1435 ortu
140 1373 174 1435 et
197 1370 305 1434 divina
326 1371 495 1454 progenie,
518 1370 580 1436 hoc
598 1372 714 1434 melius
738 1393 776 1435 ea
797 1372 946 1456 fortasse,
969 1393 1049 1457 quae

46 1464 137 1523 erant
160 1479 250 1542 vera,
274 1461 435 1524 cernebat.

34 1585 35 1602 1
106 1546 224 1631 Itaque
246 1569 345 1611 unum
371 1547 451 1611 illud
475 1550 546 1611 erat
566 1547 701 1611 insitum
724 1547 838 1630 priscis
866 1547 946 1631 illis,
969 1570 1048 1631 quos
1067 1570 1100 1618 11

46 1633 177 1700 ‘caseos'
201 1635 346 1718 appellat
363 1635 502 1718 Ennius,
525 1655 595 1709 esse
612 1636 647 1698 in
665 1640 770 1699 morte
788 1656 926 1717 sensum,
945 1656 1048 1718 neque

45 1745 175 1789 excessu
207 1723 372 1809 11111111
404 1722 504 1787 deleri
537 1723 714 1807 hominem,
750 1725 787 1787 ut
822 1722 968 1786 funditus
1001 1723 1048 1787 in·

44 1812 169 1894 teriret;
184 1811 288 1894 idque
311 1832 382 1875 cum
401 1812 513 1875 multis
532 1811 606 1875 aliis
624 1811 733 1893 rebus,
756 1815 827 1874 tum
846 1833 863 1874 e
881 1811 1048 1894 pontificio

43 1900 110 1966 iure
134 1903 168 1964 et
191 1899 431 1964 ecaerimoniis
455 1899 674 1982 sepulcrorum
691 1899 839 1983 intellegi
856 1899 945 1982 licet,
968 1921 1048 1982 quas

44 1988 204 2053 maxumis
231 1987 371 2071 ingeniis
398 1987 537 2071 praediti
562 2009 621 2051 nee
647 1990 741 2051 tanta
771 2008 848 2052 cura
875 1987 1049 2052 coluissent

42 2097 100 2141 nec
122 2075 264 2140 violatas
286 2079 356 2139 tam
378 2075 566 2158 inexpiabili
589 2075 746 2159 religione
772 2075 963 2158 sanxissent,
986 2076 1049 2139 nisi

42 2163 191 2230 haereret
222 2164 256 2227 in
288 2184 398 2228 eorum
430 2163 593 2228 mentibus
624 2167 762 2228 mortem
789 2185 855 2228 non
883 2164 1048 2228 interitum

42 2274 112 2318 csse
141 2251 249 2315 omnia
275 2251 444 2316 tollentem
473 2255 570 2336 atque
599 2251 771 2335 delentem,
800 2251 855 2316 sed
886 2251 1049 2336 quandam

40 2340 137 2424 quasi
160 2339 387 2423 migrationem
410 2340 758 2423 commutationemque
781 2341 879 2421 vitae,
910 2340 1048 2422 quaein

43 2429 141 2494 111111
164 2427 242 2491 viris
267 2430 299 2491 11
320 2427 451 2492 feminis
474 2429 537 2492 dux
560 2429 594 2491 in
617 2427 739 2491 caelum
764 2427 883 2490 soleret
905 2448 988 2509 esse,
1013 2428 1048 2490 in

43 2516 158 2582 ceteris
191 2515 283 2579 humi
309 2516 502 2580 retineretur
534 2519 567 2580 et
597 2517 799 2600 permaneret
825 2518 943 2578 tamen.
996 2513 1048 2577 Ex
1067 2535 1101 2582 28

42 2605 104 2671 hoc
124 2607 158 2669 et
174 2606 359 2668 nostrorum
378 2604 529 2687 opinione
548 2602 753 2668 *Romulus
776 2602 813 2665 in
837 2603 943 2666 caelo
967 2623 1048 2666 cum

43 2693 102 2757 dis
126 2692 210 2776 agit
233 2690 394 2775 aevum',
416 2696 454 2756 ut
474 2692 581 2756 famae
604 2691 786 2756 adsentiens
810 2689 890 2754 dixit
912 2689 1048 2773 Ennius,

43 2786 76 2846 et
98 2780 186 2864 apud
209 2778 348 2849 Graecos
376 2780 512 2864 indeque
538 2779 706 2863 perlapsus
735 2778 775 2841 ad
802 2799 861 2843 nos
889 2782 922 2842 et
948 2800 1048 2862 usque

44 2870 84 2933 ad
107 2867 272 2932 Oceanum
289 2868 444 2932 Hercules
467 2870 721 2941 11111111,1111111
739 2887 891 2949 praesens
911 2866 1049 2931 habetur

42 2958 138 3040 deus3
182 2955 258 3020 hinc
292 2955 389 3020 Liber
426 2954 551 3020 Semela
590 2959 686 3019 natus
728 2954 900 3038 eademque
940 2954 1047 3018 famae

42 3045 232 3110 celebritate
264 3043 467 3128 Tyndaridae
502 3042 632 3126 fratres,
669 3043 724 3126 qui
759 3064 826 3107 non
862 3043 957 3108 modo
994 3042 1046 3105 ad-

40 3134 164 3199 iutores
188 3133 223 3196 in
245 3132 377 3215 proeliis
396 3131 549 3196 victoriae
566 3131 680 3215 populi
697 3129 851 3212 Romani,
875 3131 929 3195 sed
949 3130 1047 3194 etiam

39 3221 148 3287 nuntii
179 3219 280 3285 fuisse
310 3219 528 3330 perhibentur.
583 3217 690 3294 Quid?
744 3219 802 3283 Ino
836 3216 947 3282 Cadmi
979 3217 1047 3280 filia

40 3331 149 3377 nonne
173 3306 348 3373 Λευκοθέα
370 3308 537 3373 nominata
561 3329 579 3370 1
603 3306 732 3372 Graecis
755 3305 882 3369 Matuta
909 3305 1047 3368 habetur

41 3423 61 3464 1
82 3396 229 3464 nostris?
257 3396 354 3479 quid?
377 3399 483 3460 totum
505 3416 605 3479 prope
628 3395 766 3475 caelum,
788 3415 828 3456 111
851 3392 952 3476 pluris
975 3413 1046 3474 per-

40 3509 172 3573 sequar,
203 3506 310 3550 nonne
341 3485 482 3549 humano
514 3504 630 3568 genere
662 3444 857 3564 completum
889 3479 961 3544 1111
1012 3479 1089 3570 si

92 3599 239 3642 111111
864 3589 900 3638 xe

1058 3447 1122 3569 131
