2346 3876
346 161 412 217 Lm.
432 161 465 215 11.
493 161 570 217 111).
589 167 619 231 4,
638 167 662 217 s.
691 167 706 228 s
726 168 847 218 ro-ra
1047 164 1090 229 21

82 322 227 388 dicerent
258 321 472 407 descripsisse.
527 323 608 387 Tum
643 326 676 387 et
701 324 760 388 illa
790 324 871 389 dixit
901 324 1090 410 Antiochus,
1111 337 1143 389 ra

49 432 163 494 quae
190 410 264 475 heri
293 408 427 476 Catulus
455 412 720 477 commemoravit
747 434 767 476 a
795 416 852 513 pat
853 433 886 476 re
916 435 974 478 suo
1006 414 1091 479 dieta

80 498 221 582 Philoni,
241 501 275 564 et
296 499 360 564 alia
378 499 480 583 plura,
497 520 557 564 nec
576 520 610 562 se
630 500 742 601 tenuit,
765 500 844 583 quin
865 504 979 565 eontra
997 523 1091 567 suum

82 587 249 652 doctorem
272 587 391 652 librum
409 588 508 651 etiam
530 585 650 670 ederet,
676 587 730 671 qui
755 585 872 652 Sosus
895 589 1090 654 inscribitur.

55 674 167 740 aTum
184 675 289 760 igitur
305 696 379 740 curn
398 678 431 739 et
444 674 644 740 Heraclitum
659 675 801 743 studiose
817 675 960 740 audirem
979 680 1092 741 contra

80 761 283 828 Antiochum
300 764 546 828 disserenteme
547 763 653 839 titem
670 762 866 827 Antiochum
881 768 956 829 cont
957 786 993 828 ra
942 763 1089 828 t-Aca

82 849 237 934 demicos,
258 850 331 916 dedi
349 850 511 916 Antiocho
531 871 660 933 operam
679 851 826 936 diligent
817 855 937 935 rus,ut
961 873 1090 916 oausam

81 959 120 1002 ex
143 959 182 1003 eo
206 901 311 1003 tdtam
334 959 567 1023 cognoscerem
605 937 718 1023 Itaque
741 935 922 1040 complures
945 940 1012 1004 dies
1037 939 1090 1003 ad

80 1025 186 1091 hibito
214 1024 381 1090 Heraclito
408 1026 493 1091 doct'
468 1029 574 1110 trsque
602 1027 819 1109 compluribus
843 1028 912 1092 et
903 1027 1089 1092 111111111-

44 1113 184 1180 1otiochi
209 1113 312 1178 fratre
339 1113 451 1180 Aristo
480 1116 513 1177 et
538 1117 705 1196 praeterea
735 1114 824 1179 Arist
810 1118 885 1180 tone
916 1120 949 1180 et
975 1113 1090 1198 Dione,

80 1201 200 1285 quibus
232 1201 289 1265 ille
325 1202 498 1266 secundum
534 1201 668 1266 fratrem
699 1201 884 1286 plurumum
915 1203 1089 1287 tribuebat,

79 1289 223 1354 multum
249 1290 405 1373 temporis
432 1290 464 1352 in
494 1289 558 1353 iste
585 1311 649 1354 una
671 1290 890 1372 disputatione
921 1313 1088 1374 consump-

80 1377 192 1441 simus.
253 1375 315 1441 Sed
352 1398 391 1442 ea
426 1398 515 1459 pars,
547 1398 628 1460 quae
660 1381 773 1442 contra
805 1377 977 1443 Philonem
1010 1383 1089 1462 erat,

80 1464 372 1548 praetermittenda
395 1469 458 1548 est,
480 1465 586 1529 minus
609 1465 695 1531 enim
718 1486 791 1530 acer
813 1469 862 1529 est
885 1466 1087 1531 adversarius

44 1580 68 1620 11
81 1553 124 1636 is,
142 1553 200 1638 qui
219 1553 295 1636 ista,
315 1574 395 1637 quae
415 1556 490 1616 sunt
507 1551 578 1616 heri
596 1552 739 1631 defensa,
760 1556 861 1636 negat
878 1552 1088 1618 Academicos

82 1642 215 1705 omnino
239 1640 354 1704 dicere.
391 1639 465 1707 Etsi
488 1640 573 1703 enim
596 1641 759 1723 mentitur,
780 1643 891 1703 tamen
910 1643 959 1704 est
978 1640 1088 1705 adver-

83 1730 190 1794 sarius
215 1728 326 1793 lenior.
366 1727 419 1792 Ad
440 1727 610 1793 Arcesilan
634 1725 894 1812 Carneademque
912 1728 1089 1793 veniamus.
1112 1771 1132 1834 5

148 1816 240 1893 Quae
269 1837 342 1880 cum
368 1815 516 1899 dixisset,
548 1815 595 1880 sio
626 1837 737 1880 rursus
765 1837 896 1880 exorsus
925 1819 986 1880 est:
959 1815 1090 1880 tPri-
1108 1848 1142 1896 13

81 1927 170 1970 mum
198 1903 281 1967 mihi
307 1902 459 1968 videmini
487 1901 551 1989 (me
578 1907 686 1967 autem
718 1903 848 1967 nomine
883 1901 1088 1989 appellabat),

46 2015 155 2059 arcum
182 1976 310 2056 veteres
336 1990 490 2074 physicos
519 1991 707 2073 nominatis,
738 1991 842 2055 facere
873 1991 971 2071 idem,
1004 1993 1090 2076 quod

82 2080 231 2146 seditiosi
254 2079 340 2144 cives
364 2079 483 2162 solent,
510 2100 583 2143 cunr
606 2041 730 2163 aliquds
754 2100 792 2142 ex
816 2080 957 2163 antiquis
985 2079 1088 2145 claros

81 2170 169 2234 viros
187 2166 366 2250 proferunt,
389 2188 470 2250 quos
488 2166 599 2232 dicant
611 2166 712 2230 fuisse
725 2166 905 2251 populares,
924 2172 960 2232 ut
979 2189 1089 2232 eorum

81 2256 146 2340 ipsi
165 2255 289 2320 similes
308 2275 376 2319 esse
394 2254 573 2319 videantur.
605 2253 769 2337 Repetunt
787 2255 853 2319 iam
867 2276 888 2318 a
901 2254 934 2320 P.
949 2254 1089 2339 Valerio,

81 2345 138 2428 qui
165 2342 287 2408 exactis
313 2342 443 2426 regibus
470 2343 575 2426 primo
603 2364 687 2408 anno
711 2342 822 2407 consul
847 2342 925 2426 fuit,
953 2363 1088 2407 comme·

47 2435 215 2498 nmorant
234 2430 387 2514 reliquos,
411 2431 467 2514 qui
489 2430 577 2515 leges
599 2430 770 2513 populares
794 2430 832 2494 de
855 2431 1089 2513 provocationi·

81 2520 141 2585 bus
159 2519 305 2600 tulerint,
323 2539 395 2582 oum
414 2519 563 2583 consules
578 2522 698 2602 essent,
717 2522 786 2582 tum
806 2517 846 2581 ad
864 2516 923 2581 hos
935 2518 1088 2600 notiores,

81 2605 115 2672 O.
136 2606 349 2689 Flaminium,
374 2607 428 2690 qui
450 2607 554 2691 legem
574 2606 735 2690 agrariam
753 2605 877 2689 aliquot
899 2604 991 2669 annis
1015 2608 1088 2668 ante

82 2694 259 2760 secundum
281 2693 436 2758 Punicum
458 2695 578 2758 bellurn
605 2694 752 2757 tribunus
781 2692 884 2776 plebis
907 2691 1020 2756 tulerit
1042 2692 1089 2755 in-

81 2784 148 2848 vito
168 2785 285 2848 senatu
304 2783 336 2846 et
353 2786 467 2864 postea
486 2782 536 2846 bis
554 2781 675 2846 consul·
687 2783 792 2845 faetus
811 2780 862 2863 sit,
880 2779 914 2844 L.
931 2777 1088 2864 Cassium,

48 2893 71 2935 a
83 2871 119 2948 Q.
136 2870 344 2953 Pompeium,
367 2870 415 2934 illi
439 2869 568 2955 quidem
587 2870 685 2933 etiam
703 2868 738 2933 P.
754 2868 948 2933 Africanum
970 2868 1088 2933 referre

83 2959 116 3022 in
138 2958 277 3025 eundem
299 2978 468 3022 numerum
491 2957 604 3022 solent.
642 2955 715 3021 Duo
733 2979 809 3021 vero
833 2957 1088 3039 sapientissimos

83 3050 115 3110 et
141 3045 341 3110 clarissimos
369 3045 500 3123 fratres,
527 3044 563 3109 P
591 3043 742 3109 Crassum
772 3043 866 3110 etP.
893 3043 1089 3126 Scaevolam,

84 3135 174 3200 aiunt
210 3131 437 3198 1111111111
470 3135 617 3197 11111111
656 3133 763 3216 legum
799 3131 913 3214 fuisse,
951 3095 1091 3197 11111111

84 3221 227 3306 quidem,
250 3224 288 3285 ut
309 3220 466 3304 videmus,
488 3220 612 3303 palam,
636 3220 682 3284 alt
668 3224 786 3298 terum,
813 3222 850 3284 ut
877 3181 1090 3303 sdspicantur,

51 3244 260 3375 udbscurids.
313 3307 445 3372 Addunt
477 3309 576 3372 etiam
608 3305 642 3372 O.
674 3270 822 3372 Marium.
876 3306 922 3372 Et
953 3308 991 3371 de
1027 3305 1089 3370 hoc

85 3397 211 3481 quidem
238 3396 323 3462 nihil
348 3396 557 3461 mentiuntur.
601 3395 728 3460 Horum
753 3394 939 3460 nominibus
965 3395 1016 3456 tot
1042 3394 1089 3457 11-

85 3504 192 3549 rorum
215 3487 311 3570 atque
339 3487 503 3549 tantorum
531 3483 685 3570 expositis
713 3504 824 3549 eorum
846 3502 880 3548 11
902 3480 1095 3545 institutum
