2346 3876
100 159 142 222 68
354 156 647 211 AOADEMlCORUM
665 155 832 212 PRIORUM

99 320 156 384 fiet
171 318 318 384 artibus?
348 318 494 395 Quibus?
517 320 608 404 iisne,
627 341 708 403 quae
721 320 813 403 ipsae
826 318 973 384 fatentur
987 321 1108 385 coniec-

99 412 175 473 tura
198 429 231 472 se
253 409 327 492 plus
350 409 519 493 utiquam
543 408 691 491 scientia,
721 429 763 472 an
792 408 847 491 iis,
877 429 960 492 quae
983 411 1109 473 tantum

99 496 146 580 id,
175 495 260 581 quod
283 496 425 580 videtur,
455 499 631 580 sequuntur
653 518 712 560 nec
734 496 858 561 habent
883 498 985 561 istam
1009 501 1109 562 artem

99 589 251 670 vestram,
274 608 338 671 qua
359 608 437 650 vera
459 589 493 649 εὴ
513 585 599 650 falsa
621 584 816 649 diiudicent?

168 664 230 738 Sed
262 674 321 738 illa
344 677 419 739 sunt
448 673 572 738 lumina
602 672 678 756 duo,
712 695 793 757 quae
816 673 957 738 maxime
981 694 1129 739 causamn

100 762 199 826 istam
223 763 400 827 continent:
429 762 574 826 Primum
597 762 682 826 enim
705 761 831 846 negatis
854 762 925 826 fieri
947 783 1055 846 posse,
1076 765 1123 826 ut>

102 851 272 935 quisquam
295 851 378 915 nulli
399 850 447 914 rei
471 851 681 915 adsentiatur.
711 850 757 913 At
779 849 813 914 id
836 850 965 935 quidem
988 851 1108 934 perspi·

101 961 195 1003 cuum
219 943 277 1004 est.
305 936 387 1003 Cum
400 938 583 1017 Panaetius,
606 938 756 1021 princeps
779 960 880 1022 prope
893 959 967 1003 meo
983 939 1108 1023 quidem

99 1026 217 1092 iudicio
242 1026 438 1111 Stoicorum,
472 1049 510 1090 ea
533 1027 629 1091 dere
653 1027 800 1090 dubitare
824 1026 985 1110 sedicet,
1016 1049 1107 1112 quam

101 1137 211 1182 omnes
241 1119 371 1199 praeter
393 1137 465 1179 eum
494 1113 596 1181 Stoici
624 1115 838 1180 certissimam
868 1118 1003 1199 putant,
1036 1137 1139 1180 veras

101 1225 171 1267 esse
193 1203 401 1286 haruspicum
428 1223 586 1286 responsu,
615 1203 772 1288 auspicia,
800 1203 943 1286 oracula,
951 1273 964 1292 ,χ
976 1204 1109 1288 somnia,

100 1292 363 1373 vaticinationes,
396 1313 492 1375 seque
521 1292 563 1356 ab
593 1291 731 1356 adsensu
759 1292 931 1374 sustineat,
964 1291 1051 1376 quod
1081 1293 1107 1356 is

100 1382 209 1463 potest
230 1379 336 1444 facere
355 1380 407 1444 vel
430 1379 468 1443 de
491 1379 531 1444 iis
550 1380 656 1464 rebus,
680 1403 760 1465 quas
783 1380 843 1463 illi,
866 1380 1022 1464 aquibus
1042 1381 1108 1465 ipse

101 1466 227 1551 didicit,
259 1471 363 1532 certas
392 1460 579 1551 habuerint,
612 1490 667 1533 cur
698 1469 733 1532 id
755 1469 883 1552 sapiens
911 1468 950 1532 de
977 1468 1108 1553 reliquis

100 1557 212 1621 rebus.
226 1555 332 1621 facere
355 1577 421 1621 non
450 1556 576 1641 possit?
621 1557 676 1620 An
699 1560 749 1621 est
771 1557 907 1641 aliquid,
939 1557 1026 1641 quod
1055 1579 1108 1641 po·
1120 1578 1140 1620 s

101 1644 200 1709 situm
223 1645 274 1709 vel
305 1645 488 1729 improbare
518 1644 570 1709 vel
597 1644 776 1729 adprobare
809 1645 929 1728 possit,
962 1645 1109 1710 dubitare

99 1755 167 1798 non
189 1733 316 1817 possit?
347 1737 448 1798 antu
475 1734 510 1797 in
533 1733 643 1798 soritis
665 1733 788 1816 poteris
811 1732 886 1818 hoo,
917 1755 990 1798 oum
1012 1734 1109 1816 voles,

99 1821 157 1885 ille
188 1823 224 1885 in
245 1822 378 1906 reliquis
401 1822 497 1886 rebus
527 1822 744 1904 nonpoterit
766 1821 880 1886 eodem
908 1821 1005 1886 modo
1035 1821 1109 1886 insi-

101 1913 199 1992 stere,
232 1910 424 1994 praesertim
451 1931 523 1974 cum
555 1910 659 1993 possit
687 1909 755 1973 sine
785 1909 976 1974 adsensione
1006 1910 1107 1994 ipsam

50 2016 100 2066 108
123 1998 192 2069 veri
232 1997 478 2062 similitudinem
514 2019 580 2063 non
619 1998 810 2085 impeditam
851 1997 964 2082 sequi?
1019 1996 1141 2062 Altero

100 2108 172 2150 rum
191 2088 250 2169 est,
273 2085 358 2170 quod
380 2086 508 2171 negatis
533 2086 694 2151 actionem
712 2086 811 2151 ullius
829 2087 878 2151 rei
899 2107 996 2171 posse
1019 2087 1055 2151 in
1072 2108 1108 2152 eo

101 2195 182 2257 esse,
200 2174 257 2258 qui
273 2174 398 2238 nullam
411 2195 480 2238 rom
498 2174 637 2239 adsensu
651 2196 709 2239 suo
724 2175 920 2258 comprobet.
943 2174 1109 2255 †Primum

101 2262 188 2326 enim
202 2261 305 2326 videri
325 2266 462 2347 oportet,
484 2263 599 2347 inquo
619 2262 663 2327 sit
677 2262 774 2329 etiam
794 2263 959 2327 adsensus.
990 2261 1110 2328 Dicunt

101 2351 187 2414 enim
202 2349 303 2416 Stoici
327 2372 438 2416 sensus
462 2351 551 2435 ipsos
576 2351 729 2416 adsensus
748 2373 830 2426 esse3
854 2373 933 2436 quos
957 2352 1109 2436 quoniam

32 2502 34 2506 Α
101 2438 257 2522 adpetitio
294 2443 522 2524 consequatur,
559 2439 720 2504 actionem
753 2440 856 2524 sequi3
892 2439 969 2504 tolli
1003 2443 1143 2505 autema

49 2533 92 2598 34
102 2528 226 2612 omnia,
269 2528 297 2592 si
334 2528 405 2593 visa
439 2527 609 2593 tollantur.
667 2527 737 2592 Hac
773 2527 811 2592 de
847 2550 882 2592 re
918 2528 955 2591 in
990 2531 1109 2592 utram·

102 2638 163 2700 que
185 2620 312 2700 partem
336 2620 369 2680 et
391 2616 476 2681 dicta
499 2620 574 2680 sunt
597 2619 630 2680 et
653 2617 774 2699 scripta
796 2617 912 2699 multa,
940 2616 996 2682 sed
1019 2615 1110 2681 brevi

100 2726 151 2768 res
174 2708 284 2788 potest
306 2708 377 2770 tota
400 2705 523 2769 confici.
567 2705 640 2789 Ego
663 2705 750 2768 enim
773 2705 834 2768 etsi
861 2705 1037 2769 maximam
1059 2726 1110 2769 ac·

100 2791 223 2856 tionem
254 2797 335 2876 puto
366 2813 546 2876 repugnare
576 2793 668 2875 visis,
706 2793 862 2857 obsistere
895 2793 1110 2877 opinionibus,

102 2879 256 2944 adsensus
285 2880 428 2944 lubricos
460 2880 619 2945 sustinere
650 2880 805 2965 credoque
829 2878 1032 2947 Clitomacho
1063 2881 1144 2946 itas

102 2967 265 3051 scribenti,
292 2967 425 3032 Herculi
443 2969 602 3053 quendam
624 2969 768 3034 laborem
783 2971 985 3035 exanclatum
1000 2992 1020 3034 a
1036 2966 1111 3034 Oar-

100 3055 215 3139 neade,
248 3055 345 3140 quod,
376 3060 414 3120 ut
441 3056 545 3122 feram
568 3061 601 3122 et
629 3058 805 3122 immanem
828 3058 970 3142 belnam,
1002 3056 1050 3123 sic
1073 3079 1112 3122 ex

102 3143 217 3208 animis
239 3144 361 3208 nostris
381 3145 611 3229 adsensionem,
634 3145 668 3209 id
691 3149 742 3209 est
764 3145 986 3229 opinationem
1009 3150 1043 3210 et
1065 3149 1111 3209 te·

101 3232 297 3313 maritatam,
321 3234 529 3318 extraxisset,
549 3238 671 3315 tamen,
694 3238 731 3298 ut
754 3255 792 3298 ea
814 3256 892 3317 pars
914 3232 1110 3300 defensionis

100 3320 315 3405 relinquatur,
343 3322 419 3406 quid
441 3321 596 3406 impediet
619 3323 778 3387 actionem
802 3323 884 3401 eius,
915 3322 970 3408 qui
993 3323 1147 3407 proba-ss

50 3427 99 3476 109
123 3409 203 3472 bilia
234 3410 394 3493 sequitur,
425 3412 515 3475 nulla
546 3433 581 3476 re
612 3410 828 3496 impediente?
878 3410 963 3494 Hoc,
996 3410 1112 3495 inquit,

92 3497 205 3577 prrsum
235 3497 408 3584 impediet,
440 3498 525 3586 quod
558 3503 679 3565 statuet
709 3521 750 3566 ne
780 3499 816 3565 id
847 3499 992 3585 quidem,
1025 3497 1112 3585 quod
