2346 3876
367 163 581 219 ADNOTATIO
602 163 752 218 CRITICA.
947 163 1064 222 XXXIII

58 321 212 387 intuemur,-
241 327 271 377 ut
293 323 316 376 ii
338 328 474 390 aspectum
500 323 610 376 manino
635 323 756 375 orrrittere
782 322 880 388 solent,
903 323 944 376 sic
968 325 1064 376 mentis

58 395 123 447 acies
136 423 172 432 -
187 408 245 446 non
257 409 405 461 numquam
417 394 537 448 tebescit.
552 424 584 432 -
599 393 629 446 P.
645 397 705 446 307.
722 396 752 444 11
770 391 856 461 [lepos
870 395 941 447 enim
955 393 1063 463 uetant]

57 461 124 530 Sor,
148 463 231 520 Hein.
255 463 284 516 in
306 463 369 516 adn.
398 463 471 531 crit,
494 463 578 529 falso,
603 463 694 516 credo.
719 492 752 500 -
775 462 804 519 P.
826 469 886 518 307.
907 470 940 518 21
960 481 999 530 sq.
1024 481 1064 517 ec-

56 535 185 602 quidnam
203 535 283 588 oiiud
301 539 348 588 est
364 535 436 588 nisi
454 536 523 588 mori
541 532 661 588 discere?
680 550 706 586 v.
722 531 804 600 Seyff.
818 533 894 588 Lael.
909 552 936 603 p.
953 539 1002 588 123
1019 535 1063 587 ed.

55 605 89 671 ΙΙ,
106 606 316 672 necquicquam
330 604 408 658 aliud
426 606 509 658 emori
522 605 586 658 disc.
602 604 696 670 codd,
715 603 810 671 ecquid
829 605 908 658 aliud
926 610 964 658 est
982 621 1064 673 quom

56 676 121 729 nori
143 674 267 729 discere?
289 674 433 742 Wesenb.,
456 672 543 740 Bait,
567 675 639 741 Son,
663 674 823 742 ecquidnam
842 675 921 728 atiud
939 679 977 728 est
995 677 1064 728 mori

56 744 173 800 ducere?
194 744 291 813 scyli,
313 744 394 799 Hein.
413 747 577 799 revocantes
596 761 717 798 errorem
740 743 863 797 iamdiu
883 744 1026 814 explosum
1047 762 1064 798 a

56 815 199 884 Madvigio
219 816 254 870 de
276 816 366 870 fluv
390 822 432 869 11.
451 822 484 869 31
507 834 535 885 p.
555 821 606 870 358
630 832 670 882 sq.
689 845 724 853 -
742 815 771 869 P.
792 820 852 869 303.
875 821 969 883 5eqq.
991 815 1065 884 Quid

55 885 154 953 refert?
174 917 210 926 -
233 887 321 941 videri
342 887 444 940 malurn
464 887 552 955 possit
576 885 741 954 magistrum
768 885 931 953 loquentem
957 885 1065 939 faciunt

56 955 162 1024 hamb„
181 957 288 1023 Bentl,
307 955 403 1024 Seyff„
421 957 501 1010 Hein.
530 956 586 1023 (hic
604 956 667 1011 Sed
684 956 752 1023 quid
770 955 871 1022 refert?
891 957 992 1011 adsunt
1011 960 1064 1026 —),

56 1028 86 1081 A.
107 1027 184 1097 Quid
203 1026 305 1093 refert?
334 1027 377 1081 Μ.
397 1026 473 1081 Certe
494 1028 589 1094 refert3
614 1027 716 1080 adsunt
735 1025 837 1092 Soroi.;
855 1043 913 1080 non
931 1026 1004 1080 enim
1023 1043 1064 1080 re-

55 1096 170 1151 futantis
185 1113 247 1152 esse
265 1096 433 1166 particulam
447 1099 530 1162 enim,
545 1097 595 1152 sed
609 1096 801 1151 adsentientis.
834 1097 915 1162 Quod
934 1096 1065 1165 quoniam

56 1168 170 1238 longum
200 1170 245 1222 est
271 1167 378 1222 ratione
403 1168 544 1235 refellere,
571 1169 681 1220 tantum
709 1167 814 1234 dicam,
840 1183 902 1222 mea
928 1168 1066 1221 sententia

56 1254 102 1292 nec
120 1238 239 1307 probari
257 1253 308 1292 nec
327 1237 395 1292 reici
417 1254 467 1307 per
484 1239 556 1292 enim
581 1235 749 1291 sententiam
772 1238 901 1303 alterius,
926 1238 974 1291 sed
998 1255 1064 1292 suae

57 1325 166 1363 ausam
192 1308 285 1375 reddi,
313 1325 385 1376 quae
407 1311 501 1362 utrum
524 1307 583 1361 aiat
605 1323 641 1360 an
663 1309 761 1376 neget,
784 1308 867 1363 facile
892 1309 1066 1377 intellegitur

58 1394 86 1433 ex
104 1395 139 1434 eo
157 1378 236 1447 ipso,
255 1379 329 1447 quod
349 1379 540 1448 respondetur.
560 1409 593 1418 -
613 1378 643 1432 P.
663 1383 723 1432 308.
744 1384 776 1432 13
796 1381 941 1433 coutemnit
955 1379 1064 1433 defend.

58 1450 156 1519 Tregd.
177 1451 208 1502 et
229 1448 325 1517 Seyff,
344 1449 433 1503 ceteri
449 1450 507 1503 fere
527 1449 668 1503 damnant.
687 1478 721 1488 —
744 1449 774 1502 P.
794 1455 854 1504 308.
874 1455 909 1504 30
927 1449 1067 1518 [Stoicos]

58 1519 143 1574 Sorof.
173 1519 368 1588 probabiliter.
394 1550 428 1560 -
451 1521 482 1573 P.
506 1525 565 1574 308.
592 1525 626 1573 33
653 1519 685 1573 id
710 1534 768 1573 non
794 1520 942 1574 concedant
963 1519 1066 1587 Madv,

57 1590 148 1659 Heia,
177 1591 282 1645 idcirco
309 1606 365 1644 non
396 1591 465 1644 dant
497 1590 590 1657 codd,
625 1590 656 1644 id
683 1589 880 1644 circumcidant
912 1588 945 1642 de
973 1590 1066 1643 Madv.

59 1662 145 1716 altera
169 1659 242 1714 coni.
268 1659 355 1727 Bait,
386 1659 488 1728 Sorof„
513 1661 544 1714 id
570 1675 631 1714 uero
659 1675 716 1712 non
742 1661 806 1714 dent
834 1658 929 1728 Scyll,
957 1660 988 1713 id
1015 1661 1067 1712 cir·

59 1732 219 1786 mmrodont
241 1730 332 1799 Jeep..
364 1747 457 1800 progr.
481 1729 621 1789 Guelferb.
646 1735 714 1784 1865
737 1747 764 1798 p.
790 1735 814 1784 ’1.
839 1760 872 1768 -
895 1729 925 1783 P.
950 1735 1009 1784 309.
1034 1735 1068 1783 30

59 1802 163 1867 faciant
194 1800 267 1854 ‘non
294 1802 386 1854 minus
413 1802 553 1855 soloecum
582 1817 658 1868 esse,
687 1817 771 1867 quam
798 1800 822 1853 si
849 1800 911 1867 quis
938 1799 1067 1854 librarius

60 1872 215 1942 scripsisset
239 1873 271 1925 in
298 1872 347 1936 iis,
374 1888 444 1940 quae
470 1871 652 1940 qiqnuntur'‚
681 1869 882 1924 recentioribus
895 1870 1067 1938 edItoribus,

10 1967 14 1985 ·
60 1945 86 1996 ut
106 1943 236 2009 videtur,
261 1941 389 1995 omnibus
411 1941 550 2010 persuasit
576 1941 707 1995 Wesenb.
753 1941 834 2006 Quod
861 1941 922 2010 ipse
947 1942 1068 2010 scrips1t‚

12 2012 17 2022 ⁴
60 2013 178 2079 faciunt,
212 2014 288 2066 recte
320 2012 362 2066 ita
389 2012 523 2082 explieat:
560 2011 621 2077 Ea,
648 2027 716 2080 quae
746 2012 952 2067 similitudinem
979 2012 1068 2066 homi·

61 2099 120 2137 num
143 2084 268 2150 faciunt,
297 2089 362 2137 sant
384 2100 429 2150 ea,
452 2099 521 2152 quae
544 2083 576 2136 in
598 2097 708 2151 corpore
732 2083 899 2151 qiqnuntnr,
925 2100 1068 2152 quaecum·

61 2170 104 2222 que
131 2159 212 2220 sunt,
238 2169 289 2207 neo
314 2153 406 2207 minus
428 2155 504 2208 recte
529 2153 616 2221 negat
642 2168 816 2221 quaecunque
837 2159 914 2219 sunt,
941 2170 1011 2222 quae
1030 2155 1068 2207 si-

61 2224 242 2279 militudinem
268 2224 377 2290 faciant
402 2223 444 2278 ita
470 2223 550 2292 iungi
577 2222 674 2290 licere,
701 2225 733 2276 ut
755 2223 803 2276 sit:
834 2223 918 2277 ‘Was
942 2240 971 2277 es
996 2225 1068 2278 auch

62 2295 148 2363 giebt,
167 2294 218 2349 das
237 2295 302 2360 —';
325 2310 423 2347 verum
449 2310 505 2347 non
527 2292 666 2346 intellexit
690 2294 739 2348 Eo
755 2298 833 2360 sunt,
853 2309 923 2363 quae
940 2295 1069 2348 similitu-

62 2366 148 2420 dinem
164 2365 275 2432 saciant
292 2363 391 2418 Latine
409 2364 440 2416 id
459 2379 532 2430 esse,
552 2364 627 2431 quod
645 2379 696 2417 nos
715 2363 844 2418 dicimus:
873 2364 954 2418 ‘DIes
972 2365 1011 2418 ist
1029 2381 1066 2431 es,

63 2451 114 2491 was
132 2435 201 2501 -’,
224 2435 355 2502 recteque
374 2433 581 2488 coniunctivum
598 2434 702 2488 habere
725 2434 754 2487 in
777 2433 897 2488 relativa
920 2436 1068 2500 sententia,

63 2506 134 2560 cuius
152 2506 224 2560 haec
244 2504 281 2558 sit
299 2505 354 2559 vis:
377 2505 485 2559 Eorum
503 2521 535 2559 ca
552 2506 593 2559 nis
611 2509 663 2570 est,
681 2509 713 2558 ut
729 2505 935 2559 similitudinem
952 2506 1067 2572 fociant.

10 2603 12 2621 =
63 2574 96 2632 01.
115 2575 151 2630 N.
165 2575 200 2629 D.
215 2575 228 2627 I
250 2581 291 2630 18.
311 2581 345 2630 48
364 2592 397 2629 ea
414 2576 506 2644 dqura
524 2579 574 2639 est,
592 2591 661 2643 quae
674 2575 860 2642 pulcherrima
876 2574 913 2627 sit
932 2575 978 2640 (est
996 2573 1068 2627 falso

10 2640 12 2691 ἶ
62 2662 130 2700 nuno
145 2645 229 2714 edd),
243 2645 337 2700 Madv.
353 2646 387 2700 de
401 2646 446 2699 fin.
462 2663 489 2714 p.
505 2651 547 2711 92,
561 2661 645 2714 supra
658 2645 695 2698 ad
708 2663 735 2714 p.
751 2650 792 2698 68.
809 2649 850 2697 14.
866 2675 898 2682 -
913 2644 943 2696 P.
960 2651 1018 2699 310.
1034 2651 1069 2698 34

10 2716 12 2725 ’
61 2719 206 2783 ptolomaeo
221 2717 283 2770 cod.
297 2717 331 2784 R,
339 2716 508 2785 pittolorueo
523 2715 554 2783 G,
570 2715 724 2770 Ptolemaeo
743 2714 817 2780 edd,;
834 2732 862 2767 v.
876 2713 912 2768 ad
926 2733 952 2782 p.
968 2721 1028 2769 235.
1044 2722 1068 2769 2.

64 2815 91 2826 -
104 2787 135 2840 P.
151 2792 213 2841 311.
229 2792 246 2840 3
260 2787 358 2856 inquo
372 2787 471 2854 Bentl,
489 2786 630 2853 Wesenb,
648 2785 731 2854 Bait,
750 2783 838 2838 Sorof.
859 2815 892 2823 —
913 2784 943 2840 P.
959 2791 1019 2839 311.
1035 2793 1068 2840 23

10 2906 12 2913 .
64 2858 206 2922 audisset,
224 2857 304 2923 talem
317 2856 444 2926 plerique
459 2855 548 2926 editt,
567 2856 716 2921 occidisset,
730 2859 820 2909 tomen
834 2855 924 2923 codd,
939 2856 1020 2924 Seyff.
1036 2888 1069 2896 -

10 2926 12 2996 ξ
63 2925 88 2982 Ρ.
97 2933 187 2982 3126
202 2942 259 2982 non
272 2927 351 2982 interi
363 2928 452 2995 aanor
464 2926 545 2994 Bait,
564 2942 621 2980 non
635 2926 713 2980 liberi
726 2955 761 2965 -
770 2926 975 2994 possiderentur
988 2927 1068 2981 Heio.

65 3000 88 3051 et
100 2997 190 3052 Sorof.
206 2996 303 3052 inclus.
319 3029 352 3036 —
367 2997 397 3052 P.
412 3002 473 3051 312.
488 3003 521 3051 13
532 2997 648 3064 perinde
661 2996 733 3050 Bait.
749 2996 792 3049 ed.
808 2995 852 3050 Or.
868 3027 902 3035 -
915 2997 945 3051 P.
960 3003 1019 3052 312.
1035 3005 1069 3052 28

64 3070 148 3136 equis
165 3068 197 3122 id
214 3067 318 3135 Daris,
335 3065 421 3134 Balt,
441 3065 509 3133 Sor,
527 3069 564 3121 sit
581 3066 649 3136 quid
667 3068 728 3136 (qui
745 3068 776 3120 id
798 3067 833 3135 It)
853 3067 946 3135 codd,
965 3069 996 3122 id
1009 3071 1070 3137 quis

10 3130 12 3149 '
64 3136 153 3204 Hein,
172 3137 256 3206 Seyff.
276 3169 309 3177 -
328 3137 358 3191 P.
374 3143 465 3191 3135
484 3139 534 3192 Ita
552 3136 586 3193 H.
606 3136 722 3206 Saupp,
740 3135 836 3205 Heln,
856 3136 960 3205 Sorot,
980 3139 1027 3192 Ea
1040 3155 1069 3192 re

65 3205 154 3276 Seyff,
174 3213 193 3275 †
213 3207 311 3262 Carere
328 3205 400 3261 Bait.
420 3238 454 3248 —
472 3207 502 3263 P.
518 3213 578 3264 314.
595 3213 627 3260 12
642 3213 691 3261 out
705 3207 816 3275 scripsi,
834 3213 865 3261 ut
879 3209 968 3272 codd,
987 3207 1068 3273 Bait,

66 3276 161 3346 sosoi,
181 3295 243 3333 cum
257 3277 351 3346 Seyff,
370 3278 450 3334 Hein.
484 3278 520 3332 Ut
538 3278 625 3332 Sorof.
641 3277 710 3331 mire
724 3277 790 3331 talis
804 3278 959 3342 brevitatis,
978 3277 1068 3343 qualis

66 3351 104 3402 est
119 3349 149 3403 in
168 3349 219 3404 Ita
243 3349 318 3415 dico,
340 3353 371 3402 ut
393 3351 443 3414 sit,
467 3347 648 3401 simifitudine
668 3347 806 3413 defendit,
833 3362 903 3415 quae
921 3346 998 3398 nulla
1017 3349 1068 3400 est.

67 3417 128 3472 (lusu
151 3421 303 3488 propterea
325 3418 416 3473 minus
439 3421 536 3488 aptum
553 3417 676 3485 videtur,
701 3417 776 3485 quod
796 3433 848 3470 neo
867 3432 978 3470 oausam
997 3415 1068 3469 desi·

68 3487 189 3544 dotamus
213 3490 243 3542 iu
266 3505 300 3544 ea
318 3489 468 3557 sententia,
493 3504 564 3556 quae
583 3487 617 3543 ab
637 3489 738 3559 Itaque
755 3486 889 3558 Incipiat,
909 3501 965 3541 uss
979 3483 1079 3540 ‘inuis

113 3585 252 3651 (nonni.
905 3595 922 3636 c
