2346 3876
299 159 364 214 LIB.
383 159 417 216 11.
446 159 523 216 cae.
542 165 572 228 a,
591 167 615 216 e.
644 165 659 226 s
679 165 799 218 14-17.
1016 158 1059 222 29

47 321 131 386 nihil
160 321 243 386 novi
269 320 458 405 reperienti,
487 321 543 386 sed
574 321 756 386 emendanti
792 322 972 406 superiores
1001 322 1059 386 im·

50 409 232 474 mutatione
259 408 446 490 verborum,
473 408 549 473 dum
578 409 673 474 huius
696 409 899 475 definitiones
922 410 1060 475 labefac-

50 501 118 562 tare
140 497 232 581 volt,
261 500 396 562 conatus
423 500 473 561 est
499 497 687 563 clarissimis
712 498 809 562 rebus
831 499 981 562 tenebras
1004 498 1059 562 ob·

51 583 208 657 ducere?¹
243 580 343 649 Cuius
375 585 480 670 primo
511 607 579 650 non
609 585 780 651 admodum
809 586 947 668 probata
974 586 1058 650 ratio

27 694 252 758 aquamquam
273 673 384 739 floruit
406 695 477 738 cum
501 675 648 738 acumine
672 674 807 758 ingenii,
829 676 898 738 tum
922 672 1059 737 admira-

52 760 110 825 bili
135 761 280 845 quodam
310 762 419 844 lepore
446 760 583 845 dicendi,
613 762 758 846 proxime
787 784 807 826 a
832 759 960 846 Lacyde
989 761 1058 825 solo

52 851 178 913 retenta
200 852 265 929 est,
287 852 363 932 post
386 852 494 914 autern
516 848 664 915 confecta
687 872 707 914 a
729 847 905 933 Carneade,
927 849 982 936 qui
1009 853 1060 913 est

53 940 187 1019 quartus
220 937 262 1001 ab
293 937 451 1020 Arcesila3
485 937 609 1004 audivit
639 938 725 1003 enim
756 937 969 1022 Hegesinum,
1005 938 1060 1020 qui

53 1023 242 1089 Euandrum
257 1025 421 1108 audierat,
438 1023 560 1108 Lacydi
577 1025 781 1109 discipulum,
804 1047 876 1090 cum
895 1024 1059 1090 Arcesilae

24 1136 45 1176 ro
54 1111 198 1197 Lacydes
220 1112 345 1178 fuisset.
387 1111 450 1177 Sed
471 1113 542 1196 ipse
565 1111 746 1179 Carneades
769 1113 823 1178 diu
844 1114 961 1197 tenuit3
983 1135 1059 1178 narn

53 1200 1061 1372 ructaturrecalcitrarentt

57 1373 260 1442 Clitomacho
278 1376 342 1441 fuit
360 1339 518 1460 (declarat
537 1377 710 1442 multitudo
729 1376 913 1463 librorum),
935 1377 1060 1462 ingenii

56 1481 125 1528 non*
148 1464 259 1529 minus
291 1463 326 1528 in
357 1463 529 1548 Hagnone,
565 1465 601 1529 in
633 1462 816 1530 Charmada
850 1465 1061 1548 eloquentiae,

29 1551 89 1616 nin
112 1550 293 1616 Melanthio
319 1550 447 1617 Rhodio
479 1552 659 1617 suavitatis.
712 1552 800 1616 Bene
827 1556 935 1617 autem
963 1574 1060 1617 nosse

58 1637 244 1709 Cameaden
270 1637 490 1706 Stratoniceus
519 1638 722 1705 Metrodorus
750 1640 935 1722 putabatur.
989 1638 1060 1704 Iam
1080 1654 1112 1702 11

59 1724 259 1793 Clitomacho
281 1727 375 1793 Philo
402 1731 508 1793 vester
531 1749 663 1811 operam
691 1729 810 1792 multos
835 1748 935 1792 annos
963 1726 1060 1791 dedit

59 1813 191 1881 Philone
210 1818 320 1880 autern
333 1815 407 1881 vivo
421 1816 637 1899 patrocinium
653 1815 847 1881 Academiae
865 1836 931 1880 non
949 1815 1060 1880 defuit.

59 1899 129 1988 Sed,
151 1903 241 1989 quod
257 1924 318 1968 nos
336 1902 443 1968 facere
458 1926 543 1969 nunc
561 1902 772 1988 ingredimur,
794 1907 960 1987 utcontra
977 1904 1060 1968 Aca·

31 1989 196 2057 ademiccs
224 1989 433 2074 disseramus,
463 1991 497 2056 id
530 1991 659 2076 quidam
691 2013 709 2056 e
734 1991 954 2075 philosophis,
976 1996 1010 2055 et
1035 1991 1059 2055 ii

60 2078 185 2162 quidem
207 2099 276 2145 non
297 2080 489 2163 mediocres,
515 2079 699 2144 faciundum
728 2080 858 2144 omnino
879 2101 946 2144 non
967 2081 1060 2163 puta-

60 2166 149 2252 bant3
170 2188 232 2233 nec
250 2187 326 2231 vero
349 2188 418 2231 esse
436 2167 538 2232 ullam
555 2168 714 2232 rationem
736 2168 900 2250 disputare
920 2189 993 2231 cum
1010 2167 1061 2248 iis,

60 2256 110 2339 qui
144 2255 231 2319 nihil
265 2255 456 2339 probarent3
497 2255 768 2340 Antipatrumque
809 2253 966 2336 Stoicum,
1007 2257 1062 2338 qui

59 2343 178 2408 multus
214 2342 251 2407 in
287 2364 324 2408 ec
362 2342 493 2427 fuisset,
528 2342 805 2426 reprehendebant
838 2364 898 2407 nec
935 2341 1061 2406 definiri

31 2430 189 2496 sciebant
205 2451 337 2496 necesse
356 2453 435 2515 esse,
456 2430 533 2516 quid
552 2434 638 2496 esset
654 2431 797 2514 cognitio
820 2434 877 2496 aut
897 2430 1061 2513 perceptio

61 2522 125 2602 aut,
158 2518 187 2582 si
219 2518 353 2583 verbum
384 2539 402 2582 e
432 2520 532 2583 verbo
563 2519 727 2602 volumus,
758 2517 1061 2600 comprehensio,

60 2628 153 2689 quarn
179 2602 366 2690 κατάληψιν
392 2606 444 2670 illi
470 2610 601 2689 vocant3
629 2628 760 2691 eosque,
788 2606 843 2690 qui
870 2603 1061 2688 persuadere

59 2695 176 2759 vellent
216 2714 286 2758 esse
322 2695 457 2778 aliquid,
493 2694 579 2779 quod
612 2693 838 2777 comprehendi
876 2696 909 2756 et
939 2691 1062 2776 percipi

60 2785 181 2865 posset,
217 2781 391 2847 inscienter
425 2782 532 2847 facere
569 2781 736 2863 dicebant,
768 2783 940 2866 propterea
977 2781 1062 2864 quod

32 2869 138 2934 anihil
170 2872 257 2933 esset
283 2869 397 2934 elarius
425 2867 593 2956 ἐναργείᾳ,
624 2872 662 2934 ut
688 2868 816 2951 Graeci,
845 2869 1062 2952 perspicui·

61 2959 176 3021 tatem
208 2960 267 3020 aut
297 2957 530 3022 evidentiam
556 2980 630 3041 nos,
657 2957 685 3021 si
712 2958 832 3042 placet,
859 2957 1061 3022 nominemus

62 3043 329 3128 fabricemurque,
357 3044 385 3110 si
413 3067 498 3128 opus
518 3046 593 3128 erit,
619 3045 730 3123 verba,
756 3065 797 3109 ne
824 3043 878 3109 hic
906 3045 969 3108 sibi
997 3044 1062 3129 (me

63 3133 247 3216 appellabat
273 3131 398 3218 iocans)
430 3132 492 3198 hoc
519 3133 615 3198 licere
641 3136 734 3215 putet
761 3132 836 3214 soli3
872 3131 928 3200 sed
954 3136 1063 3196 tamen

26 3218 30 3224 ’
64 3221 240 3287 orationem
257 3220 383 3286 nullam
399 3223 561 3304 putabant
579 3221 797 3286 inlustriorem
815 3222 888 3302 ipsa
902 3220 1062 3284 euidentia

37 3308 192 3390 areperiri
219 3329 328 3391 posse,
353 3329 413 3373 nec
440 3331 490 3392 ea,
518 3330 599 3392 quae
626 3312 694 3373 tam
722 3309 811 3372 clara
838 3311 957 3384 essent,
987 3306 1062 3369 defi-

10 3450 20 3481 ,
66 3394 176 3460 cienda
201 3395 386 3461 censebant
435 3396 503 3461 Alii
530 3401 640 3461 autem
665 3395 832 3479 negabant
854 3415 888 3458 se
913 3415 972 3475 pro
999 3392 1062 3457 hac

11 3484 22 3615 p
68 3482 221 3549 evidentia
240 3483 414 3569 quidquam
433 3485 559 3568 priores
581 3484 683 3551 fuisse
702 3484 862 3569 dicturos,
881 3479 1005 3548 schah
1023 3501 1077 3562 ea,
