2356 3870
104 148 168 212 180
265 146 313 200 DE
332 145 477 200 FINIBUS
495 146 675 201 BONORUM
693 145 741 200 ΕΤ
760 145 944 201 MALORUM

101 310 264 391 ultimum,
287 307 381 392 quale
405 329 466 371 nos
490 329 648 371 summum
671 309 705 371 in
729 309 799 373 vita
820 309 942 373 bonnm
964 309 1108 392 dicimus,

100 397 181 462 illud
213 399 333 477 autem,
366 399 403 459 ut
433 395 546 480 feriat,
577 396 669 479 quasi
706 396 917 482 seligendum,
955 419 1023 462 non
1059 420 1108 462 cx·

102 486 285 569 petendum.

168 572 249 638 Cum
281 575 389 636 autem
425 572 533 636 omnia
569 572 677 637 officia
714 595 734 636 a
769 574 936 656 principiis
972 578 1109 639 naturae

101 663 358 747 proficiscantur,
388 659 428 722 ab
459 658 561 723 isdem
588 658 718 725 necesse
742 665 793 725 est
822 662 983 744 proficisci
1006 663 1109 746 ipsam
1124 689 1147 728 5

102 750 303 834 sapientiam.
348 745 411 811 Sed
443 768 538 831 quem
571 747 612 811 ad
644 749 774 812 modum
803 770 898 832 saepe
926 751 977 832 fit,
1009 755 1047 814 nt
1074 752 1110 832 is,

101 840 158 924 qui
189 835 431 902 commendatus
460 836 504 898 sit
535 835 645 919 alicui,
677 837 779 920 pluris
812 859 885 901 enm
916 837 1031 920 faciat,
1062 840 1111 903 oui

102 925 357 1005 commendatus,
391 944 488 1006 quam
519 924 627 1006 illum,
661 946 681 987 a
713 946 777 1007 qno
810 925 867 1009 sit,
900 926 946 990 sic
978 927 1111 990 minime

101 1016 220 1079 mirum
238 1016 289 1077 est
310 1012 414 1095 primo
431 1032 492 1075 nos
512 1011 690 1094 sapientiae
709 1013 926 1077 commendari
945 1013 987 1076 ab
1009 1015 1110 1079 initiis

101 1107 251 1184 naturae,
273 1103 349 1183 post
367 1103 475 1164 autem
498 1099 604 1182 ipsam
623 1100 817 1182 sapientiam
834 1101 929 1166 nobis
956 1103 1111 1167 cariorem
1128 1129 1150 1167 ro

102 1191 185 1272 fieri,
218 1210 313 1272 quam
345 1187 402 1250 illa
434 1187 513 1270 sint,
546 1209 566 1251 a
593 1188 710 1271 quibus
739 1188 780 1251 ad
805 1187 889 1252 hanc
920 1190 1110 1254 venerimus.

103 1278 210 1362 Atque
238 1280 275 1340 ut
301 1274 446 1338 membra
472 1275 568 1339 nobis
597 1276 645 1339 ita
672 1275 748 1339 data
776 1279 864 1357 sunt,
891 1281 929 1342 ut
951 1277 992 1341 ad
1016 1300 1111 1362 qnan-

104 1367 178 1430 dam
201 1364 361 1429 rationem
384 1362 512 1426 vivendi
535 1363 612 1427 data
636 1385 706 1428 esse
729 1367 920 1447 appareant,
946 1365 993 1429 sic
1017 1388 1110 1450 appe-

103 1455 178 1518 titio
202 1452 315 1534 animi,
338 1471 419 1534 quae
442 1444 529 1534 ὁρμή
551 1449 669 1516 Graece
692 1454 838 1534 vocatur,
860 1473 926 1517 non
950 1453 991 1517 ad
1015 1453 1109 1539 quod-

104 1543 153 1606 vis
186 1561 285 1626 genus
317 1539 416 1621 vitae,
454 1538 509 1602 sed
542 1540 581 1602 ad
614 1539 773 1622 quandam
813 1540 951 1605 formam
984 1541 1137 1606 vivendis

52 1631 230 1698 assidetur
257 1628 345 1709 data,
373 1627 514 1710 itemque
538 1628 677 1692 stratio
701 1632 735 1691 θὴ
762 1628 906 1710 perfecta
928 1630 1022 1695 ratio.
1067 1629 1108 1694 Ut

105 1720 190 1782 enim
212 1715 364 1779 histrioni
391 1715 490 1796 actio,
519 1715 668 1780 saltatori
691 1719 798 1779 motus
820 1738 887 1780 non
910 1717 1030 1801 quivis,
1058 1716 1107 1782 sed

105 1810 211 1870 certus
241 1804 370 1888 qnidam
398 1806 448 1866 ast
474 1801 582 1886 datus,
616 1804 663 1867 sio
690 1803 759 1867 vita
786 1804 910 1888 agenda
942 1809 994 1869 θεὴ
1025 1811 1106 1870 certo

105 1914 221 1979 genere
244 1892 397 1975 quodam,
420 1911 487 1954 non
510 1890 668 1975 quolibet3
691 1891 777 1974 quod
799 1912 899 1976 genus
923 1895 1106 1959 conveniens

106 1983 418 2060 consentaneumque
455 1977 626 2043 dicimus’
655 1976 725 2043 Neo
764 1980 850 2043 enim
886 1980 1136 2066 gubernationis

106 2073 163 2134 ant
194 2066 371 2131 medicinae
403 2065 541 2130 similem
574 2067 769 2150 sapientiam
803 2089 873 2132 esse
909 2069 1107 2150 arbitramur,

107 2157 163 2221 sed
186 2155 306 2219 actioni
328 2154 377 2217 illi
398 2154 521 2237 potius,
545 2176 642 2239 quam
661 2154 756 2218 modo
779 2155 858 2238 dixi,
882 2158 916 2219 et
939 2157 1108 2236 saltationi,

106 2249 144 2307 ut
165 2244 200 2307 in
221 2244 294 2326 ipsa
316 2242 408 2323 insit,
434 2263 498 2306 non
526 2241 607 2306 foris
635 2246 764 2325 petatur
791 2247 983 2328 extremum,
1011 2245 1109 2309 idest

108 2333 187 2396 artis
211 2329 345 2395 effectio.
380 2329 426 2393 lut
447 2332 558 2393 tamen
581 2333 631 2393 est
654 2330 753 2394 etiam
776 2331 842 2394 alia
863 2353 936 2395 cum
958 2331 1012 2397 his
1035 2333 1107 2416 ipsis

107 2420 232 2484 artibus
264 2418 442 2500 sapientiae
475 2417 716 2501 dissimilitud0,
748 2421 919 2501 propterea
950 2421 1052 2504 quod,
1080 2421 1137 2483 ina

108 2508 174 2573 illis
192 2528 272 2592 quae
291 2510 376 2571 recte
394 2504 481 2570 facta
500 2507 583 2588 sunt,
606 2527 671 2570 non
690 2505 857 2570 continent
873 2510 985 2572 tamen
1004 2528 1109 2573 omnes

107 2599 229 2680 partes,
252 2618 270 2659 c
293 2595 409 2678 quibus
433 2595 597 2677 constant3
621 2615 702 2679 qnae
726 2596 834 2657 autem
852 2616 912 2659 nos
931 2601 989 2660 aut
1011 2601 1110 2661 rcota

108 2690 165 2749 aut
188 2685 290 2748 recte
312 2682 420 2745 facta
442 2681 597 2763 dicamus,
621 2683 648 2745 si
670 2682 791 2764 placet,
813 2682 861 2746 illi
880 2686 989 2748 autom
1010 2684 1110 2769 appel·

108 2773 177 2836 lant
199 2766 456 2853 κατορθώματα,
479 2790 591 2833 omnes
614 2791 766 2834 numeros
790 2771 920 2834 virtutis
939 2774 1109 2837 continent.

109 2859 185 2924 Sola
216 2859 301 2921 enim
333 2856 493 2940 sapientia
523 2857 559 2920 in
590 2878 625 2921 se
652 2860 725 2921 tota
756 2879 908 2923 conversa
936 2863 999 2941 est,
1031 2856 1138 2945 quoda

56 2969 89 3019 25
108 2948 192 3011 idem
220 2947 255 3008 in
283 2945 396 3009 ceteris
424 2944 548 3009 artibus
577 2965 644 3009 non
670 2945 717 3009 fit.
766 2945 885 3011 Inscite
914 2951 1025 3012 autem
1052 2969 1109 3011 me·

108 3036 231 3100 dioinae
246 3037 279 3097 θὴ
292 3032 536 3116 gubernationis
554 3033 704 3096 ultimum
719 3055 790 3097 cum
804 3034 919 3099 ultimo
937 3036 1109 3118 sapientiae

108 3125 322 3205 comparatur.
375 3117 539 3202 Sapientia
566 3121 653 3184 enim
682 3124 715 3184 et
738 3122 837 3185 animi
860 3123 1109 3206 magnitudinem

109 3209 336 3293 complectitur
359 3211 392 3273 et
419 3207 591 3290 iustitiam,
615 3213 648 3271 et
675 3212 712 3271 ut
740 3210 862 3287 omnia,
889 3232 971 3295 quae
994 3207 1109 3276 homini

110 3298 268 3380 accidant,
304 3296 390 3360 infra
422 3315 455 3358 se
488 3317 557 3360 esse
588 3296 724 3379 iudicet,
761 3298 845 3381 qnod
881 3298 966 3361 idem
1003 3298 1109 3363 ceteris
1120 3312 1138 3354 a

110 3387 234 3451 artibus
252 3406 319 3449 non
336 3383 507 3468 contingit.
540 3383 662 3447 Tenere
678 3389 784 3448 autem
799 3385 935 3450 virtutes
950 3407 1007 3460 aas
1020 3387 1111 3470 ipsas,

110 3496 247 3558 quarum
281 3472 376 3537 modo
412 3471 475 3535 feci
511 3471 722 3551 mentionem,
758 3495 851 3538 nemo
889 3475 1023 3556 poterit,
1054 3470 1110 3538 nisi

50 631 82 678 23
