2346 3876
302 142 369 197 LlB.
387 143 409 197 I.
437 141 514 197 CAP.
534 149 622 198 6-8.
649 148 664 209 ξ
681 149 804 199 24-30.
1015 145 1055 210 13

42 309 134 388 tuor,
164 325 248 389 quae
272 304 470 388 supradixi,
497 304 652 368 dissimile
676 304 869 371 Aristoteles
896 307 1055 390 quoddam

45 415 116 457 esse
152 393 297 457 rebatur.
351 391 412 456 Sed
446 392 623 458 subiectam
654 397 772 476 putant
803 394 951 459 omnibus
987 397 1055 459 sine
1074 407 1107 454 27

46 480 114 545 ulla
133 480 242 564 specie
267 484 363 565 atque
386 484 550 545 carentem
574 481 661 546 omni
684 481 742 545 illa
765 483 922 565 qualitate
945 480 1056 567 (facia-

47 591 119 633 mus
139 569 228 633 enim
244 568 414 634 tractando
428 569 580 633 usitatius
594 569 656 632 hoc
670 569 802 633 verbum
821 573 854 633 et
872 569 1056 652 coutritius)

21 657 223 724 smateriam
249 659 423 741 quandam,
452 679 468 721 e
496 656 690 740 quaomnia
720 678 871 739 expressa
894 662 989 741 atque
1013 658 1056 721 ef·

49 744 126 809 ficta
149 745 226 829 sint,
249 766 331 829 quae
348 767 413 809 una
431 746 539 809 omnia
563 745 705 828 accipere
725 746 829 828 possit
847 745 1057 829 omnibusque

50 833 154 897 modis
168 833 289 896 mutari
306 837 401 917 atque
416 833 557 898 exomni
574 836 666 916 parte
685 836 781 916 atque
800 834 896 898 etiam
915 835 1058 916 interire,

52 942 116 985 non
132 921 168 984 in
184 920 334 997 nihilum,
353 920 407 985 sed
426 921 460 985 in
483 943 557 985 suas
576 925 694 1004 partes,
713 942 794 1004 quae
812 922 937 987 infinite
956 922 1058 986 secari

53 1029 89 1072 ac
119 1008 221 1074 dividi
251 1009 394 1092 possint,
425 1030 498 1073 cum
530 1009 575 1072 sit
605 1008 686 1072 nihil
719 1009 849 1074 omnino
881 1010 915 1074 in
951 1032 1057 1074 rerum

15 1100 170 1161 sonatum
196 1096 379 1178 minimum,
411 1096 493 1180 quod
521 1096 622 1161 dividi
652 1101 803 1180 nequeat,
836 1120 917 1181 quae
949 1102 1056 1162 autem

55 1188 258 1262 moveantur,
286 1185 394 1249 omnia
415 1184 594 1250 intervallis
617 1186 753 1267 moveri,
783 1207 864 1268 quae
886 1186 1058 1251 intervalla

55 1273 129 1336 item
160 1272 285 1337 infinite
317 1273 415 1337 dividi
445 1272 582 1356 possint.
632 1272 678 1336 Et
709 1294 781 1337 eum
813 1274 861 1337 ita
890 1278 1057 1338 moveatur
1077 1284 1110 1333 28

56 1360 110 1425 illa
131 1361 192 1444 vis,
216 1382 314 1445 quam
337 1361 527 1445 qualitatem
565 1382 633 1424 esse
672 1361 823 1443 diximus,
851 1366 883 1426 et
911 1383 983 1427 cum
1013 1363 1058 1427 sic

56 1448 138 1513 ultro
170 1449 316 1532 citroque
346 1453 505 1528 versetur,
541 1452 574 1512 et
610 1450 779 1513 materiam
817 1451 924 1533 ipsam
955 1453 1059 1515 totam

23 1536 180 1621 upenitus
205 1536 396 1601 commutari
413 1540 534 1620 putant
552 1540 584 1600 et
607 1537 665 1601 illa
683 1537 775 1620 effici,
793 1559 875 1620 quae
894 1539 1060 1621 appellant

57 1625 199 1709 qualia,
220 1646 237 1688 e
256 1625 373 1708 quibus
387 1625 475 1689 omni
488 1627 604 1689 natura
618 1624 809 1690 cohaerente
825 1628 857 1688 et
871 1625 1059 1689 continuata¹

57 1734 125 1777 cum
148 1712 298 1778 omnibus
322 1706 387 1777 suis
409 1712 557 1796 partibus
580 1735 680 1777 unum
703 1712 850 1776 effectum
876 1733 945 1776 esse
968 1733 1058 1775 mun-

57 1801 142 1878 dum,
166 1804 259 1865 extra
281 1822 375 1884 quem
402 1800 492 1864 nulla
518 1800 672 1864 materiae
699 1822 776 1882 pars
804 1800 848 1864 sit
874 1800 1059 1883 nullumque

56 1910 183 1972 corpus3
212 1891 321 1972 partes
345 1892 451 1952 autem
475 1910 544 1952 esse
567 1887 678 1952 mundi
701 1889 822 1971 omnia,
850 1910 930 1973 quae
958 1889 1060 1952 insint

23 1977 88 2041 uin
109 1998 163 2059 eo,
190 1997 272 2062 quae
294 1979 411 2040 natura
432 1977 591 2040 sentiente
619 1979 802 2058 teneantur,
824 1975 859 2040 in
886 1999 950 2060 qua
976 1977 1059 2040 ratio

55 2064 198 2148 perfecta
220 2064 312 2146 insit,
336 2086 417 2148 quae
441 2064 485 2128 sit
506 2063 617 2128 eadem
637 2065 832 2147 sempiterna
855 2062 950 2148 (nihil
973 2065 1059 2127 eninl
1079 2073 1112 2121 29

55 2152 216 2216 valentius
244 2173 327 2236 esse,
358 2174 377 2216 a
404 2173 467 2235 quo
494 2150 662 2237 intereat);
692 2173 789 2235 quam
821 2154 887 2216 vim
919 2153 1060 2216 animum

56 2262 124 2305 esse
151 2240 264 2305 dicunt
290 2240 412 2322 mundi,
445 2240 640 2324 eandemque
668 2261 737 2303 esse
764 2243 904 2304 mentem
935 2241 1060 2323 sapien·

55 2328 196 2412 tiamque
216 2327 405 2411 perfectam,
424 2349 520 2412 quern
538 2327 632 2392 deum
654 2327 832 2410 appellant,
855 2328 1060 2411 omniumque

21 2438 44 2480 a
55 2438 179 2497 rerum,
198 2437 280 2499 quae
298 2416 364 2480 sint
387 2416 415 2479 ei
432 2415 609 2498 subiectae,
629 2415 721 2499 quasi
739 2415 943 2498 prudentiam
962 2437 1060 2498 quan·

55 2503 142 2586 dam,
169 2507 395 2588 procurantem
418 2503 570 2567 caelestia
592 2504 745 2587 maxime,
774 2502 886 2566 deinde
909 2503 943 2565 in
965 2503 1061 2565 terris

56 2613 101 2676 ea,
114 2613 199 2676 quae
213 2591 398 2674 pertineant
412 2590 453 2654 ad
466 2590 628 2674 homines3
642 2613 737 2674 quam
751 2589 912 2654 interdum
927 2588 1061 2652 eandem

55 2680 282 2745 necessitatem
304 2680 482 2762 appellant,
505 2678 580 2760 quia
600 2678 683 2742 nihil
707 2678 799 2742 aliter
821 2678 939 2761 possit,
967 2680 1062 2759 atque

56 2768 95 2832 ab
114 2789 155 2832 ea
171 2767 384 2831 constitutum
402 2766 457 2847 sit,
476 2767 616 2847 evenire,
640 2766 733 2848 quasi
750 2764 883 2829 fatalem
900 2768 933 2828 et
949 2765 1062 2829 immu-

21 2855 193 2919 utebilem
217 2854 490 2918 continuationem
513 2852 635 2917 ordinis
659 2853 857 2935 sempiterni3
880 2874 947 2917 non
972 2875 1062 2917 nurn-

56 2963 154 3026 quam
173 2941 307 3005 eandem
323 2940 503 3024 fortunam,
526 2940 609 3025 quod
629 2940 749 3004 efficiat
767 2941 869 3005 multa
887 2942 1063 3023 improvisa

51 3034 88 3094 et
98 3028 297 3113 necopinata
309 3029 403 3094 nobis
421 3035 556 3112 propter
570 3028 800 3094 obscuritatem
813 3028 1063 3112 ignorationem·

57 3138 117 3202 que
139 3139 323 3181 causarum.

119 3204 235 3270 Tertia
271 3203 383 3268 deinde
420 3202 646 3287 philosophiae
682 3225 773 3287 pars,
807 3225 888 3287 quae
924 3207 994 3267 erat
1028 3203 1063 3266 in
1083 3170 1116 3294 380

23 3294 184 3358 aratione
217 3295 250 3357 et
281 3292 316 3355 in
346 3290 544 3374 disserendo,
580 3291 626 3356 sic
657 3291 861 3355 tractabatur
895 3291 935 3354 ab
968 3289 1060 3353 utris·

10 3430 13 3457 =
56 3403 129 3466 que:
176 3380 380 3464 Quamquam
421 3378 557 3443 oriretur
591 3401 611 3442 a
647 3379 810 3459 sensibus,
849 3381 959 3441 tamen
998 3396 1064 3439 non

11 3474 17 3531 '.
58 3489 126 3535 esse
148 3468 305 3533 iudicium
328 3466 474 3530 veritatis
501 3467 535 3530 in
558 3466 713 3532 sensibus.
749 3464 892 3530 Mentem
912 3462 1068 3528 uolebant
