2346 3876
120 121 185 184 256
280 121 329 175 DE
347 119 492 177 FINIBUS
509 118 690 175 Bonosum
707 119 755 174 ΕΤ
774 118 960 175 mosum

67 295 101 343 47
121 283 205 368 quod
224 282 408 348 universum
430 285 563 366 propter
581 303 615 346 se
634 285 812 366 expetatur.
851 280 960 359 Quid?
982 282 1017 348 in
1039 285 1117 346 motu

121 372 211 436 etin
234 375 322 436 statu
349 370 493 454 corporis
521 370 604 434 nihil
631 370 731 453 inest,
759 369 846 454 quod
874 369 1116 434 animaduerten-

121 459 197 523 dum
220 480 290 523 esse
312 459 386 542 ipsa
406 463 527 522 natura
548 457 690 522 iudicet?
720 478 816 541 quem
838 457 879 521 ed
902 458 1036 523 modum
1058 457 1117 541 quis

122 548 280 629 ambulet,
303 546 425 624 sedeat,
448 545 503 630 qui
526 545 639 610 ductus
663 546 744 629 oris,
771 545 826 629 qui
848 545 968 610 ‘vultus
997 546 1033 610 in
1054 566 1117 628 quo·

122 657 184 721 qne
203 635 268 699 sit?
290 634 414 698 nihilne
432 636 483 697 est
501 634 536 697 in
557 633 609 697 his
631 633 743 716 rebus,
765 633 851 717 quod
870 633 1010 718 dignum
1028 633 1136 698 liberos

122 727 180 788 aut
209 723 378 807 indignum
410 742 480 786 esse
513 720 689 785 ducamus?
745 718 864 785 Nonne
897 721 974 787 odio
1011 722 1118 786 multos

122 812 239 896 dignos
262 814 426 894 putamus,
449 809 506 892 qui
528 809 667 892 quodam
685 811 776 873 motu
795 812 851 873 aut
869 812 960 873 statu
980 809 1119 875 ridentur

122 903 256 964 naturae
278 899 383 982 legem
406 899 440 960 ct
461 896 590 961 modum
616 896 869 980 contempsisse?
907 897 955 962 Et
977 899 1120 982 qnoniam

121 987 201 1051 haec
229 985 428 1049 deducuntur
455 984 494 1048 de
521 1005 667 1068 corpore,
695 984 772 1069 quid
798 987 848 1049 est
877 1006 935 1049 eur
957 1007 1026 1050 non
1047 987 1120 1050 recte

121 1072 327 1158 pulchritudo
346 1072 445 1136 ctiam
466 1072 538 1156 ipsa
559 1074 692 1156 propter
711 1093 746 1136 se
769 1072 950 1156 expetenda
973 1071 1148 1140 ducaturln

121 1161 208 1226 Nam
227 1161 255 1225 si
277 1160 473 1243 pravitatem
490 1160 815 1244 imminutionemque
833 1161 981 1244 eorporis
1000 1166 1121 1246 propter

122 1269 157 1312 se
183 1246 368 1332 fugiendam
397 1251 561 1330 putamus,
595 1269 651 1312 our
682 1269 748 1312 non
776 1248 888 1331 etiam,
921 1270 960 1313 ac
991 1249 1122 1314 fortasse

122 1335 239 1420 magis,
272 1337 405 1419 propter
432 1356 466 1400 se
494 1335 616 1399 formae
644 1335 837 1419 dignitatem
869 1337 1069 1422 sequamur?
1096 1341 1123 1400 et

122 1423 151 1488 si
182 1422 412 1506 turpitudinem
444 1422 586 1506 fugimus
619 1423 654 1487 in
685 1426 773 1488 statu
801 1426 835 1486 et
861 1428 955 1488 motu
977 1426 1124 1508 corporis,

121 1511 199 1596 quid
227 1514 277 1576 est
303 1532 360 1575 cur
384 1510 656 1594 pulchritudinem
683 1532 749 1575 non
777 1512 972 1595 sequamur?
1025 1514 1123 1597 Atque
1135 1536 1154 1575 ιε

121 1600 221 1664 etiam
257 1598 491 1681 valetudinem,
528 1599 632 1682 vires,
672 1599 867 1664 vacuitatem
904 1599 1030 1665 doloris
1065 1621 1124 1666 non

122 1692 254 1771 propter
276 1686 452 1751 utilitatem
474 1686 593 1770 solum,
622 1686 677 1751 sed
700 1687 798 1751 etiam
825 1687 915 1770 ipsas
938 1692 1075 1773 propter
1096 1711 1125 1752 se

122 1779 318 1859 expetamus.
369 1773 530 1849 Quoniam
557 1774 642 1838 enim
668 1777 787 1839 nature
813 1774 880 1839 suis
903 1777 1058 1842 omnibus
1080 1798 1126 1842 ex-

120 1863 203 1946 pleri
221 1862 366 1946 partibus
385 1861 465 1944 vult,
487 1861 572 1925 hunc
591 1865 712 1926 statum
731 1863 875 1946 conponis
892 1884 952 1946 per
971 1886 1007 1930 se
1026 1866 1127 1949 ipsum

122 1951 255 2034 expetit,
284 1949 338 2032 qui
366 1952 416 2012 est
443 1949 580 2013 maxime
605 1953 774 2033 enatura,
801 1971 883 2034 quae
909 1954 984 2016 tote
1007 1957 1160 2037 perturn

120 2038 230 2121 betur,
258 2038 286 2100 si
314 2041 370 2100 aut
397 2057 529 2121 aegrum
552 2058 667 2120 corpus
691 2041 821 2102 estant
849 2037 938 2102 dolet
961 2045 1021 2104 aut
1044 2045 1128 2105 caret

91 2125 362 2276 8Vlrllllildeamus
394 2213 495 2277 animi
527 2217 650 2296 partes,
683 2235 818 2298 quarum
850 2217 901 2279 est
938 2221 1127 2301 conspectus

68 2267 102 2316 4⁸
121 2299 292 2384 illustrior3
315 2321 398 2384 quac
420 2322 484 2384 quo
504 2305 578 2366 sunt
599 2302 803 2386 excelsiores,
826 2323 864 2368 eo
887 2302 969 2368 dant
992 2305 1129 2370 clariora

120 2386 238 2452 indicia
265 2391 408 2453 naturae.
452 2388 577 2452 Tantus
605 2392 655 2453 est
681 2389 781 2474 igitur
807 2390 941 2455 innatus
969 2391 1007 2457 in
1036 2393 1126 2458 nobis
1138 2414 1158 2456 n

121 2475 315 2561 cognitionis
335 2496 426 2540 amor
444 2479 478 2539 et
495 2475 661 2559 scientiae,
679 2481 716 2540 ut
733 2498 828 2542 nemo
847 2477 999 2544 dubitare
1017 2481 1127 2564 possit,

121 2564 199 2648 quin
228 2563 268 2628 ad
295 2584 349 2627 eas
376 2584 429 2627 res
455 2563 623 2628 hominum
651 2568 766 2629 natura
794 2565 886 2630 nullo
910 2568 1126 2634 emolumento

120 2651 259 2715 invitata
279 2651 433 2734 rapiatur.
469 2649 683 2735 Videmusne‚
705 2655 742 2716 ut
764 2654 855 2735 pueri
877 2674 919 2717 ne
938 2656 1125 2722 uerberibus

120 2737 248 2820 quidem
281 2759 300 2801 a
332 2739 588 2822 contemplandis
624 2740 720 2804 rebus
757 2741 1046 2827 perquirendisque
1077 2743 1125 2809 de-

119 2825 324 2888 terreantur?
356 2828 393 2888 ut
423 2826 510 2909 pulsi
541 2828 730 2893 recurrant?
761 2831 799 2891 ut
830 2827 952 2912 aliquid
980 2833 1066 2898 scire
1094 2852 1155 2896 seu

118 2910 435 3082 ffifflephp
452 2914 541 3066 tlt
566 2916 1125 3085 tttttttttlatttffl

119 3106 182 3169 que
204 3106 273 3148 rem
288 3085 345 3149 ¹vel
368 3086 488 3151 famem
511 3092 544 3151 et
572 3090 662 3153 sitim
688 3090 874 3172 perferant?
921 3092 1009 3168 Quid
1032 3092 1125 3167 veno?

120 3173 175 3256 qui
197 3172 347 3255 ingenuis
371 3174 486 3238 studiis
510 3178 606 3259 atque
631 3178 754 3242 artibus
779 3179 995 3265 delectantur,
1019 3204 1125 3249 nonne

119 3260 264 3325 videmus
287 3282 342 3326 eos
365 3283 425 3326 nec
447 3261 642 3328 valetudinis
664 3286 724 3330 nec
746 3265 793 3329 rei
812 3267 985 3333 familiaris
1007 3270 1156 3336 haberes

119 3348 282 3412 rationem
296 3349 468 3432 omniaque
491 3351 616 3433 perpeti
637 3352 711 3435 ipsa
733 3353 919 3436 cognitione
941 3360 975 3420 et
993 3358 1126 3424 seientia

120 3438 231 3519 captos
251 3439 375 3501 etcum
398 3436 548 3502 maximis
568 3439 653 3503 curis
673 3442 707 3504 et
727 3440 894 3506 laboribus
916 3464 1125 3530 compensare
