2346 3876
104 162 171 227 418
301 124 601 217 rusounmuauu
618 158 924 215 urceumnouuu

149 305 303 387 dlacria
327 322 373 387 ob
396 323 498 387 viam
520 321 616 386 mihi
637 322 770 386 veniet
793 323 1031 406 complexum
1052 342 1102 384 ex·

731 411 872 492 optans
896 431 1028 494 meum,

150 496 246 562 Mihi
270 520 308 563 ae
331 497 452 563 dedet.

107 621 210 698 Quam
232 621 312 685 haec
334 619 471 704 pulchra
493 623 598 704 putet,
622 620 693 704 ipse
715 620 781 684 iam
805 620 905 686 dicet:

265 743 357 808 Fore
342 746 473 807 tunam
495 743 619 826 ipsam
642 746 707 809 ant
692 740 799 808 teibo
821 741 997 808 fortunis
1014 743 1103 807 meis

53 849 97 914 32
173 865 263 932 Haec
284 866 352 930 laet
337 865 411 930 titia
433 887 530 949 quarn
552 865 657 948 turpis
680 865 736 949 sit,
764 868 815 937 eat
816 866 844 929 is
871 870 922 930 est
948 865 1124 951 diligentem

57 928 328 1021 68attendentem
355 952 484 1037 penitus
512 952 629 1017 videre
676 951 722 1016 Et
749 957 785 1017 ut
808 957 920 1037 turpes
945 959 1033 1037 sunt,
1058 952 1105 1037 qui

107 1043 251 1108 ecferunt
269 1064 303 1106 se
321 1040 480 1105 laetitiat
481 1062 548 1124 um,
571 1062 644 1105 cum
665 1039 816 1105 fruuntur
833 1039 986 1106 Veneriis
1004 1041 1105 1124 volun
1146 1060 1148 1068 ·

106 1132 243 1212 tatibus,
267 1130 314 1194 sic
336 1127 503 1212 flagitiosi,
525 1128 581 1213 qui
604 1149 657 1192 eus
685 1128 888 1194 inflammato
911 1130 1019 1195 animo
1042 1151 1105 1194 con·

107 1219 284 1301 cupiscunt.
318 1216 419 1281 Totus
437 1236 514 1281 vero
532 1216 607 1298 iste,
630 1217 686 1300 qui
704 1215 801 1300 volgo
821 1217 1006 1300 appellatur
1024 1237 1104 1281 amor

106 1307 180 1391 (nec
197 1303 326 1369 hercule
343 1303 482 1387 invenio,
500 1325 563 1387 quc
582 1302 712 1368 nominc
727 1304 792 1369 alio
810 1305 919 1388 possit
938 1303 1104 1389 appellari),
1114 1323 1132 1362 1⁰

106 1397 217 1458 tantae
233 1391 377 1456 levitatis
396 1394 459 1474 est,
481 1394 518 1454 ut
540 1390 624 1455 nihil
642 1391 781 1476 rideam,
804 1391 892 1475 quod
912 1398 1024 1477 putem
1042 1414 1104 1457 con·

106 1481 280 1546 ferendum.
325 1478 427 1556 Quem
450 1477 609 1544 Caecilius

411 1591 534 1657 ‘ddum
557 1595 718 1677 quinon
741 1598 926 1659 summum
949 1598 1068 1679 putet,

150 1685 228 1749 Aut
251 1684 411 1748 stultum
439 1688 504 1744 aut
530 1702 656 1746 rerum
680 1703 764 1746 esse
786 1680 1026 1766 imperitum'
1051 1682 1104 1746 exi·

890 1773 1043 1856 stumat‚-

151 1857 212 1925 Oui
236 1856 290 1923 ‘in
313 1879 424 1922 manu
446 1857 512 1941 sit,
535 1878 642 1940 quem
667 1859 750 1922 esse
773 1858 988 1924 dementem
1009 1858 1135 1940 velita

151 1947 265 2025 Quem
285 1948 432 2030 sapere
455 1966 563 2028 quem
581 1946 725 2028 sanciri
749 1966 856 2028 quem
882 1947 921 2009 in
948 1947 1105 2012 morbum

918 2032 1027 2118 inici,

152 2208 266 2284 Quem
294 2210 382 2272 cont
367 2211 428 2272 tra
455 2208 588 2291 amari,
616 2229 724 2291 quem
752 2209 896 2292 expeti,
923 2231 1032 2325 quern
1058 2230 1105 2274 ar·

861 2297 1029 2362 ce'ssier'

53 2444 87 2493 oc
106 2421 133 2488 O
152 2421 352 2505 praeclaram
369 2419 618 2484 emendatricem
632 2419 718 2484 vitae
735 2419 906 2520 poeticam!
925 2443 1010 2506 quae
1029 2441 1106 2486 amo·

105 2532 175 2576 rem
201 2509 319 2593 flagitii
341 2512 374 2573 et
401 2507 544 2573 levitatis
569 2508 768 2571 auctorem
759 2529 794 2571 1n
817 2509 955 2574 concilio
985 2509 1135 2574 cicorum*⁰

106 2597 337 2663 conlocandum
367 2600 468 2680 putet.
446 2593 571 2659 tDc
602 2593 769 2658 comoedia
799 2596 928 2680 loquor,
961 2619 1056 2681 quae,
1084 2593 1106 2660 ei

106 2687 186 2750 haec
215 2684 341 2769 flagitia
373 2705 440 2748 non
472 2682 697 2766 probaremus,
728 2683 821 2747 nulla
851 2688 939 2748 esset
972 2686 1105 2765 omnin03

106 2773 182 2856 quid
205 2772 251 2837 ait
274 2794 312 2836 ex
333 2771 501 2856 tragoedia
522 2770 672 2852 princeps
695 2770 752 2834 ille
775 2769 1062 2856 Argonautarum?

151 2887 205 2950 Tu
236 2907 293 2949 me
325 2886 466 2949 amoris
498 2884 621 2968 magis
654 2904 765 2966 quam
795 2885 955 2950 honoris
989 2889 1106 2952 serva·

773 2971 867 3037 visti
890 2976 1027 3059 gratia.

107 3096 192 3174 Quid
215 3093 315 3177 ergo?
342 3093 395 3158 hic
419 3117 509 3159 amor
531 3094 663 3159 Medeae
692 3099 814 3178 quanta
837 3096 1041 3161 miseriarum
1062 3102 1133 3160 aad

107 3184 221 3250 citavit
243 3182 404 3246 incendia!
441 3184 550 3266 Atque
568 3205 607 3246 ea
628 3186 739 3247 tamen
757 3183 842 3267 apud
863 3184 964 3249 alium
986 3187 1105 3269 poetam

106 3272 194 3358 patri
217 3270 321 3334 dicere
345 3270 446 3339 audet,
462 3291 496 3334 se
520 3269 752 3354 ‘coniugem'
775 3270 929 3336 habuisse

151 3378 278 3477 illum,
309 3391 425 3458 Amor
452 3415 561 3479 quem
588 3393 759 3477 de‘derat,
787 3393 850 3476 qui
876 3394 964 3476 plus
992 3393 1106 3478 pdllet

599 3481 804 3564 potiorque
828 3482 887 3544 est
909 3486 1027 3565 patre.
