2346 3876
273 109 340 166 LIB.
359 109 393 164 II.
422 108 500 166 CAP.
520 114 569 176 47,
585 113 629 164 48.
657 113 673 174 5
691 113 839 165 143-148.
1027 108 1071 174 85

57 272 96 337 ad
120 275 221 355 artes,
246 271 293 336 sio
314 290 376 357 ego
399 293 484 337 nuno
505 271 568 336 tibi
590 271 694 337 refero
718 275 820 338 artem
844 272 912 337 sine
934 272 1070 338 scientia

58 382 125 425 esse
148 381 219 425 non
242 381 348 444 possa.
378 358 434 425 An
455 362 622 444 pateretur
642 359 705 425 hoc
724 359 840 426 Zeuxis
863 364 921 425 aut
938 359 1069 425 Phidias

58 454 113 514 aut
139 447 342 532 Polyclitus,
367 448 452 513 nihil
474 471 510 513 se
532 448 629 532 scire,
655 469 728 514 oum
751 448 786 513 in
807 449 849 513 iis
872 452 957 513 esset
977 453 1071 513 tanta

60 537 229 603 sollertia?
276 536 398 619 Quodsi
431 558 486 602 eos
518 536 680 603 docuisset
712 537 842 621 aliquis,
873 558 970 621 quam
1003 537 1069 600 vim

36 624 178 691 shabere
202 624 364 690 diceretur
387 624 536 708 scientia,
565 625 746 690 desinerent
772 625 882 708 irasci3
913 646 954 689 ne
976 624 1070 689 nobis

63 714 191 799 quidem
217 716 453 797 suscenserent,
483 734 556 780 eum
583 713 770 779 didicissent
800 713 834 779 id
864 713 979 778 tollere
1001 733 1071 796 nos,

62 801 143 887 quod
177 823 341 885 nusquam
372 804 471 884 esset,
502 801 587 886 quod
619 805 727 867 autem
757 802 835 868 satis
864 805 950 867 esset
981 800 1070 884 ipsis,

62 891 251 976 relinquere.
285 888 389 966 Quam
410 890 570 955 rationem
594 889 753 954 maiorum
768 892 866 955 etiam
880 889 1072 972 comprobat

63 978 242 1064 diligentia,
264 977 319 1063 qui
341 977 483 1060 primum
505 978 611 1042 iurare
625 975 676 1042 ‘ex
699 978 748 1043 sui
771 979 870 1044 animi
893 976 1069 1042 sententia’

28 1090 55 1131 n
64 1088 220 1151 quemque
234 1067 415 1150 voluerunt,
432 1065 545 1131 deinde
558 1066 606 1130 ita
619 1066 730 1145 teneri,
745 1065 785 1130 ‘si
800 1067 903 1132 sciens
920 1064 1070 1150 falleret,'

63 1154 145 1240 quod
178 1154 351 1219 inscientia
381 1154 484 1220 multa
513 1157 696 1219 versaretur
727 1154 762 1218 in
789 1155 869 1239 vita3
901 1158 984 1239 tum,
1015 1154 1071 1238 qui

62 1241 287 1308 testimonium
313 1241 446 1326 diceret,
477 1245 516 1307 ut
538 1240 720 1319 ‘arbitrari’
744 1265 778 1308 se
806 1242 938 1327 diceret,
970 1243 1070 1308 etiam

63 1331 144 1415 quod
167 1331 240 1416 ipse
253 1328 399 1414 vidisset,
421 1340 566 1415 quaeque
578 1330 677 1395 iurati
699 1331 819 1396 iudices
834 1331 1070 1416 cognovissent,

62 1423 96 1484 ut
116 1440 157 1484 ea
179 1440 249 1483 non
272 1439 342 1482 esse
363 1418 461 1502 facta,
491 1419 547 1484 sed
568 1423 606 1484 ut
628 1417 752 1483 ‘videri'
774 1420 1070 1503 pronuntiarentur.

28 1530 52 1572 u
122 1506 252 1572 Verum
275 1506 428 1590 quoniam
449 1528 517 1572 non
539 1506 642 1571 solum
665 1510 766 1573 nauta
795 1507 967 1593 significat,
991 1507 1048 1571 sed
1072 1487 1121 1614 ἑξ

62 1596 157 1660 etiam
167 1593 333 1660 Favonius
347 1594 417 1679 ipse
431 1594 614 1659 insusurrat
622 1594 798 1680 navigandi
811 1595 916 1680 nobie,
928 1593 1070 1677 Luculle,

61 1687 190 1768 tempus
214 1704 300 1767 esse,
333 1690 366 1746 et
388 1684 541 1768 quoniam
564 1682 643 1748 satis
673 1683 775 1749 multa
806 1683 886 1767 dixi,
918 1686 967 1747 est
989 1682 1070 1747 mihi

61 1769 286 1856 perorandum.
339 1769 480 1836 Posthac
511 1774 622 1836 tamen
654 1792 728 1837 cum
758 1772 838 1836 haec
870 1792 1070 1856 quaeremus,

29 1858 997 2033 2.hirtis,⁶¹32tirhtiltimiditate
999 1882 1071 2014 1lii

60 2034 339 2120 philosophorum,
362 2036 417 2119 qui
439 2035 478 2100 da
500 2035 595 2101 bonis
610 2036 842 2121 contrariisque
864 2037 961 2101 rebus
977 2040 1069 2101 tanto

62 2144 157 2208 opere
181 2122 382 2208 discrepant,
411 2127 461 2202 ut,
493 2145 565 2189 cum
595 2124 667 2208 plus
690 2145 754 2189 uno
777 2146 889 2189 verum
912 2146 1071 2191 essenon

59 2211 180 2297 possit,
211 2211 316 2276 iacere
338 2232 467 2277 necesse
490 2213 534 2276 sit
559 2215 702 2277 tottam
724 2212 850 2278 nobiles
873 2212 1071 2297 disciplinas,
1141 2269 1143 2273 .

60 2299 221 2384 quamde
249 2300 414 2364 oculorum
442 2321 654 2385 sensuumque
676 2301 873 2385 reliquorum
895 2300 1070 2366 mendaciis
1147 2308 1150 2316 '

28 2391 92 2453 aet
113 2388 157 2454 de
181 2387 282 2453 sorite
304 2390 362 2453 aut
382 2388 609 2473 pseudomeno,
632 2411 711 2473 quas
733 2390 848 2474 plagas
870 2388 934 2473 ipsi
958 2393 1071 2454 contra

60 2497 93 2541 se
124 2474 231 2541 Stoici
262 2478 441 2542 texuerunt.
487 2476 569 2541 Tum
591 2476 759 2542 Lucullus:
804 2476 881 2543 Non
904 2476 1048 2560 moleste,
1072 2498 1122 2548 148

59 2564 183 2650 inquit,
214 2563 284 2628 fero
306 2586 367 2630 nos
395 2564 477 2630 haec
499 2565 682 2631 contulisse.
727 2563 861 2651 Saepius
885 2564 971 2629 enim
994 2586 1069 2630 oon·

60 2652 245 2736 gradientes
268 2672 342 2736 nos,
364 2656 397 2718 et
419 2674 568 2717 maxume
598 2653 633 2718 in
656 2653 847 2719 Tusculanis
874 2653 1009 2738 nostris,
1042 2655 1070 2718 si

60 2761 141 2826 quae
169 2739 377 2824 videbuntur,
407 2741 616 2826 requiremus.
661 2740 814 2826 Optuma,
837 2742 981 2826 inquam,
1014 2743 1070 2808 sed

27 2829 136 2913 aquid
159 2825 296 2894 Catulus
319 2829 439 2893 sentit?
462 2829 539 2914 quid
561 2829 776 2895 Hortensius?
816 2829 898 2894 Tum
921 2828 1071 2897 Catulus:

60 2915 199 3002 Egone?
229 2916 349 3001 inquit3
380 2916 421 2981 ad
443 2917 547 3001 patris
569 2917 718 2982 revolvor
742 2918 948 3003 sententiam,
972 2942 1070 3004 quam

62 3005 191 3088 quidem
213 3004 270 3069 ille
294 3002 512 3070 Carneadeam
536 3027 605 3071 esse
629 3003 764 3085 dicebat,
786 3009 824 3071 ut
845 3007 968 3091 percipi
986 3008 1070 3073 nihil

61 3097 170 3175 putem
192 3113 299 3176 posse,
318 3093 539 3169 ‘adsensurum
563 3097 672 3158 autem
693 3116 759 3159 non
781 3099 941 3180 percepto,
965 3096 998 3160 id
1021 3099 1071 3161 est

63 3180 270 3264 opinaturum
284 3181 462 3265 sapientem
477 3183 677 3266 existumem,
699 3181 755 3247 sed
771 3183 827 3267 ita,
846 3187 883 3248 ut
899 3183 1071 3268 intellegat

31 3287 95 3334 ase
116 3268 248 3355 opinari
280 3270 423 3354 sciatque
449 3269 532 3334 nihil
559 3291 643 3353 esse,
675 3270 760 3354 quod
788 3270 1014 3356 comprehendi
1037 3274 1070 3335 et

62 3357 182 3441 percipi
213 3357 328 3441 possit
373 3357 478 3435 Quare
511 3353 633 3442 ἐποχὴν
665 3358 755 3423 illam
785 3360 928 3424 omnium
961 3379 1069 3423 rerum

62 3443 250 3531 improbans
272 3445 320 3510 illi
343 3446 438 3511 altari
459 3448 656 3535 sententiae,
678 3446 765 3516 nihil
788 3468 877 3536 esse,
899 3445 990 3536 quod
1007 3468 1083 3534 par-
