2346 3876
131 149 197 213 224
292 149 341 203 Di}
360 147 505 215 FINIBUS
524 145 704 203 BONORUM
722 145 769 201 ET
788 146 974 201 MALORUM

131 313 160 376 ei
184 311 356 376 secundum
384 314 536 375 naturam
565 330 634 374 esse
657 309 817 393 videatur,
849 309 1037 392 omniaque,
1059 330 1136 392 quae

130 400 305 464 secundum
336 403 486 464 naturam
519 397 599 481 sint,
636 397 860 461 aestimatione
893 397 1004 480 aliqua
1036 396 1137 481 digna,

131 509 231 571 eaque
253 509 312 572 pro
337 508 389 565 e0,
416 489 573 570 quantum
602 485 642 549 in
658 505 784 570 quoque
808 485 853 549 sit
874 485 1043 569 ponderis,
1072 506 1136 549 esse

131 575 349 658 aestimanda,
376 596 520 658 quaeque
544 573 717 638 secundum
739 576 891 638 naturam
915 573 995 656 sint,
1020 574 1136 658 partim

131 663 212 728 nihil
239 664 360 727 habere
387 663 422 726 in
450 683 520 726 sese
547 661 615 725 eius
640 660 863 745 appetitionis,
892 662 932 726 dc
959 683 1025 746 qua
1047 683 1156 744 saepes

131 752 197 815 iam
221 751 375 835 diximus,
404 771 485 833 quac
507 771 566 814 nec
588 749 726 814 honesta
747 770 807 813 nec
831 749 1012 814 laudabilia
1034 749 1136 814 dican-

130 844 197 923 tur,
213 839 357 923 ·partim,
386 859 467 923 quae
494 837 695 920 voluptatem
721 836 866 901 habeant
892 837 927 902 in
955 838 1047 903 omni
1075 837 1134 902 aui·

131 932 253 1010 manto,
285 927 340 991 sed
373 927 409 990 in
435 926 566 990 homine
597 925 758 989 rationem
785 925 896 1009 etiarn,
925 947 965 990 ex
994 947 1033 990 ca
1061 946 1136 1010 quac

132 1016 199 1080 sint
221 1018 313 1099 apta,
336 1036 373 1078 ea
395 1014 544 1092 honesta,
572 1035 610 1077 ea
633 1013 781 1098 pulchra,
809 1035 847 1079 ea
869 1014 1062 1097 laudabilia,
1084 1013 1136 1078 illa

131 1107 240 1166 autem
258 1102 424 1185 superiora
441 1101 604 1166 naturalia
621 1101 844 1184 nominantur,
867 1123 950 1185 quae
969 1102 1164 1167 coniunctas

131 1212 204 1254 curn
231 1190 376 1254 honestis
403 1190 506 1254 vitam
533 1190 664 1254 beatam
690 1189 870 1273 perficiunt*
893 1193 927 1254 et
960 1191 1135 1256 absolvunt

78 1291 112 1339 oe
132 1278 285 1343 Omnium
312 1281 420 1342 autem
443 1299 554 1342 eorum
582 1277 837 1361 commodarum,
860 1278 978 1361 quibus
1004 1300 1071 1344 non
1091 1278 1135 1343 illi

130 1366 204 1449 plus
228 1366 390 1448 tribuunt,
413 1365 469 1449 qui
491 1366 548 1429 illa
571 1365 657 1430 bona
680 1387 750 1430 esse
774 1365 898 1444 dicunt,
924 1388 1024 1449 quarn
1047 1365 1152 1447 Zeno,-

132 1454 187 1538 qui
205 1457 312 1539 negat,
329 1455 426 1538 longe
440 1454 758 1537 praestantissimum
771 1475 851 1537 esse,
867 1454 954 1538 quod
968 1454 1135 1520 honestum

131 1546 218 1607 esset
245 1545 340 1627 atque
363 1540 540 1626 laudabile;
574 1542 630 1605 sed
661 1542 689 1606 si
716 1541 778 1606 duo
805 1541 945 1608 honesta
973 1543 1134 1627 proposita
1145 1563 1162 1602 n

132 1632 210 1715 sint,
245 1632 384 1696 alterum
411 1651 484 1694 cum
512 1629 709 1712 valetudine,
742 1629 880 1693 alterum
913 1652 988 1694 curn
1020 1631 1134 1711 morbo,

131 1741 198 1783 non
226 1739 296 1783 esse
325 1718 473 1800 dubium,
502 1717 542 1781 ad
565 1721 673 1781 utrum
701 1739 812 1781 eorum
839 1721 958 1782 natura
982 1738 1044 1784 nos
1071 1719 1134 1802 ipsa

132 1807 308 1872 deductura
331 1806 388 1889 sit3
412 1805 469 1870 sed
491 1809 602 1870 tamen
623 1809 749 1870 tantam
771 1806 838 1870 uim
857 1826 928 1870 esse
950 1805 1133 1887 honestatis,

132 1899 321 1978 tantumque
345 1915 417 1957 eam
439 1893 535 1957 rebus
559 1893 708 1957 omnibus
731 1897 897 1976 praestare
921 1897 954 1958 et
978 1895 1132 1974 excellere,

132 1986 169 2046 ut
192 1983 291 2046 nullis
313 2002 373 2047 nec
396 1981 563 2064 suppliciis
585 2001 645 2045 nec
667 1981 821 2064 praemiis
849 1981 1014 2047 demoveri
1036 1980 1158 2066 possita

132 2091 170 2133 ex
198 2091 251 2153 eo,
278 2070 364 2152 quod
390 2073 514 2134 rectum
536 2091 606 2133 esse
630 2069 820 2152 decreverit;
851 2070 1039 2154 omniaque,
1062 2088 1131 2154 quse

133 2158 226 2240 dura,
254 2156 410 2240 difficilia,
440 2157 574 2221 adversa
605 2155 788 2239 videantur,
821 2179 859 2222 ea
886 2157 1062 2223 virtutibus
1090 2157 1131 2232 iis,

134 2245 250 2328 quibus
274 2248 435 2309 enatura
457 2267 599 2309 essemus
623 2246 744 2327 ornati,
771 2245 878 2309 obteri
900 2265 1011 2332 posse3
1033 2245 1130 2322 non†

132 2333 244 2397 faciles
277 2333 350 2397 illas
383 2331 511 2416 quidem
547 2354 608 2397 nec
643 2333 894 2398 contemnendas
928 2333 1022 2419 (quid
1057 2334 1129 2399 enim

133 2424 219 2486 esset
249 2421 284 2485 in
315 2421 434 2485 virtute
466 2419 643 2504 tantum?),
677 2420 734 2485 sed
764 2423 802 2486 ut
827 2421 891 2485 hoc
918 2422 1154 2494 iudicaremusu

132 2531 198 2574 non
222 2530 291 2574 esse
315 2509 412 2573 iniis
435 2512 562 2592 partem
586 2509 761 2574 maximam
790 2509 933 2592 positam
960 2512 1057 2576 beate
1084 2507 1127 2575 aut

80 2617 115 2664 co
135 2620 226 2662 secus
244 2597 381 2661 vivendi.
416 2595 468 2660 Ad
488 2618 646 2660 summam
666 2618 712 2679 ea,
732 2618 814 2681 quae
834 2597 920 2663 Zeno
940 2593 1127 2664 aestimanda

133 2688 166 2748 et
197 2684 352 2750 sumenda
385 2687 417 2748 et
449 2687 526 2767 apta
552 2687 688 2748 naturae
720 2706 790 2750 esse
820 2685 916 2764 dixit,
949 2687 1061 2752 eadem
1089 2679 1126 2748 illi

132 2772 220 2836 bona
247 2773 428 2857 appellant,
455 2773 557 2836 vitam
585 2775 693 2836 autem
720 2773 850 2836 beatam
872 2773 921 2837 illi
944 2796 1032 2859 eam,
1060 2788 1125 2858 qnae

134 2863 297 2924 constaret
324 2882 363 2924 ex
389 2860 430 2924 iis
457 2861 567 2942 rebus,
600 2882 679 2943 quas
711 2861 790 2941 dixi,
823 2864 880 2925 aut
906 2863 1056 2946 plurimis
1083 2857 1149 2925 cultl

134 2947 345 3031 gravissimis.
382 2946 469 3013 Zeno
493 2951 615 3030 autem,
638 2948 722 3032 qnod
741 2970 845 3033 suam,
869 2951 955 3032 quod
977 2950 1124 3036 propriam

134 3035 274 3117 speciem
297 3034 429 3119 habeat,
452 3057 509 3100 cur
528 3036 742 3120 appetendum
761 3038 816 3116 sit,
839 3036 873 3101 id
892 3039 1000 3103 solum
1022 3040 1124 3104 bonum

133 3122 288 3206 appellat,
310 3121 442 3186 beatam
466 3127 575 3188 autem
598 3123 699 3188 vitam
723 3145 794 3189 eam
818 3125 936 3205 solam,
965 3137 1124 3211 quaecum

133 3211 255 3275 virtute
279 3209 424 3294 degatur.

79 3304 122 3366 22
200 3295 235 3362 si
266 3298 305 3362 de
336 3320 372 3362 rc
404 3298 576 3381 disceptari
609 3303 755 3383 oportet,
786 3301 877 3367 nulla
909 3303 991 3368 mihi
1026 3303 1148 3374 tecnas

133 3384 229 3470 Cato,
256 3390 459 3469 potestesse
482 3387 650 3452 dissensio.
695 3387 789 3453 Nihil
813 3393 863 3454 cst
886 3390 988 3474 enim,
1017 3391 1054 3456 de
1075 3400 1123 3469 qu⁰

122 3475 226 3540 aliter
253 3478 289 3542 tu
312 3476 437 3544 sentias
461 3479 557 3562 atquc
581 3495 657 3562 ego,
681 3476 776 3540 modo
800 3476 1011 3544 commutatis
1032 3469 1122 3543 verbis
