2346 3876
87 151 110 214 4
309 147 598 204 ACADEMIOORUM
615 147 874 202 POSTERIORUM

49 297 66 356 Ῑ
153 311 193 375 In
208 309 353 376 Cumano
372 331 474 393 nuper
493 331 565 374 oum
583 330 708 373 mecum
722 308 850 372 Atticus
868 313 982 374 noster
1000 314 1095 392 esset,

54 371 67 417 ¹
87 400 273 464 nuntiatum
296 403 346 462 est
367 399 462 463 nobis
482 420 502 461 a
519 396 562 460 M.
580 397 728 461 Varrone
749 397 874 460 venisse
898 419 971 461 eum
988 397 1096 462 Roma

87 488 192 571 pridie
220 486 346 569 vesperi
374 490 420 570 et,
447 485 511 548 nisi
538 485 576 549 de
603 485 657 548 via
683 483 788 549 fessus
812 487 910 567 esset,
939 486 1095 552 continuo

89 576 130 639 ad
151 597 211 640 nos
234 579 406 639 venturum
427 573 536 637 fuisse.
582 572 674 647 Quod
697 594 770 636 cum
793 572 1002 656 audissemus,
1025 575 1096 638 nul-

87 664 155 728 lam
186 685 311 728 moram
337 660 605 744 interponendam
635 660 833 744 putavimus,
865 661 943 744 quin
973 661 1122 727 videre-5

87 773 159 815 mus
176 751 341 816 hominem
358 749 530 815 nobiscum
552 752 586 813 et
603 748 719 812 studiis
743 748 863 812 eisdem
881 752 914 812 et
931 753 1096 815 vetustate

89 840 252 904 amicitiae
280 838 493 904 coniunctum.
543 835 656 920 Itaque
683 836 853 900 confestim
881 837 922 900 ad
950 858 1023 901 eum
1049 838 1097 902 irc

87 928 302 1011 perreximus,
328 927 522 1009 paulumque
545 946 618 989 cum
641 924 682 988 ab
706 925 774 988 eius
797 924 876 988 villa
898 925 1097 1011 abessemus,

87 1016 194 1098 ipsum
222 1014 263 1078 ad
284 1035 343 1077 nos
368 1014 550 1078 venientem
579 1012 733 1094 vidimus3
765 1015 860 1096 atque
886 1013 980 1076 illum
1010 1037 1097 1079 com·

88 1103 188 1186 plexi,
210 1106 248 1166 ut
265 1123 335 1165 mos
359 1101 536 1166 amicorum
559 1103 609 1164 est
630 1103 651 1180 †
675 1101 754 1164 satis
778 1121 851 1164 eum
874 1100 972 1185 longo
996 1101 1135 1166 inter-10

53 1190 174 1260 avallo
204 1189 245 1253 ad
272 1211 363 1254 suam
390 1189 502 1252 villam
529 1188 721 1252 reduximus.
770 1187 833 1252 Hic
855 1210 958 1271 pauca
980 1191 1098 1275 primo,

88 1281 109 1357 †
133 1280 228 1361 atque
252 1299 290 1341 ea
312 1277 577 1360 percontantibus
600 1277 710 1359 nobis,
737 1276 852 1359 ecquid
878 1276 963 1340 forte
990 1277 1098 1343 Roma

88 1365 177 1448 novi,
205 1365 347 1429 Atticus:
379 1362 501 1428 Omitte
529 1365 606 1447 ista,
633 1385 713 1446 quae
739 1385 800 1427 nec
826 1366 1011 1447 percontari
1038 1388 1098 1431 nec

90 1453 199 1516 audire
232 1454 300 1516 sine
336 1453 486 1516 molestia
519 1473 705 1536 possumne,
743 1473 877 1535 quaeso,
909 1452 1028 1536 inquit,
1064 1459 1098 1518 et

89 1562 205 1624 quaere
227 1540 350 1624 potius,
378 1540 492 1624 ecquid
514 1541 583 1624 ipse
605 1540 692 1605 novi.
740 1537 843 1604 Silent
865 1540 950 1609 enim
973 1541 1096 1607 diutins
1111 1567 1134 1607 15

88 1628 201 1694 Musae
232 1628 390 1693 Varronis
425 1651 522 1712 quam
558 1628 721 1712 solebant,
757 1649 815 1692 nec
850 1630 961 1692 tamen
996 1629 1095 1695 istum

89 1739 227 1799 cessare,
255 1717 309 1781 sed
336 1718 453 1802 celare,
480 1738 561 1802 quae
590 1717 723 1801 scribat,
750 1716 909 1780 existimo.
960 1716 1097 1782 Minime

90 1827 180 1886 vero,
215 1805 322 1888 inquit
352 1805 420 1887 ille3
456 1805 555 1868 intem
580 1804 699 1868 erantis
732 1804 818 1868 enim
854 1804 995 1869 arbitror
1027 1828 1097 1870 esse

91 1892 237 1974 scribere,
254 1891 339 1975 quod
358 1891 511 1956 occultari
528 1827 620 1977 veiit3
643 1891 700 1956 sed
717 1892 821 1956 habeo
841 1914 922 1975 opus
941 1913 1097 1977 magnum

89 1980 124 2043 in
146 1980 309 2063 manibus,
331 1981 427 2062 idque
449 1980 514 2044 iam
536 1979 675 2065 pridem3
702 1979 741 2043 ad
769 1979 854 2044 hunc
877 1980 962 2043 enim
989 1981 1097 2064 ipsum
1112 2008 1136 2046 ao

91 2065 157 2152 (me
185 2071 292 2131 autem
320 2067 461 2152 dicebat)
489 2069 646 2152 quaedam
674 2066 817 2150 institui,
847 2089 928 2151 quae
960 2073 993 2132 et
1020 2075 1098 2134 sunt

55 2175 211 2239 amagna
243 2174 319 2218 sane
352 2159 385 2217 et
418 2153 574 2220 limantur
605 2178 624 2220 a
655 2177 707 2219 me
737 2154 881 2239 politius.
941 2155 986 2220 Et
1021 2179 1097 2242 ego:

90 2242 159 2306 Ista
182 2241 323 2325 quidem,
346 2242 490 2325 inquam,
513 2242 627 2327 Varro,
649 2245 716 2307 iam
740 2243 795 2307 diu
818 2248 1006 2326 exspectans
1029 2268 1097 2310 non

90 2330 191 2394 audeo
219 2333 328 2394 tamen
351 2329 512 2414 flagitare,
543 2331 650 2395 audivi
676 2332 763 2395 enim
786 2354 803 2394 e
826 2331 949 2396 Libone
971 2337 1096 2417 nostro,

90 2418 180 2482 cuius
203 2418 291 2482 nosti
314 2418 455 2482 studium
478 2416 576 2504 (nihil
595 2419 680 2483 enim
699 2440 772 2483 eum
793 2420 861 2483 eius
884 2419 972 2484 modi
990 2421 1097 2486 celare
1111 2445 1135 2485 25

89 2502 286 2591 possumus),
304 2528 370 2571 non
388 2510 420 2569 te
439 2527 478 2571 ea
497 2507 719 2589 intermittere,
738 2507 793 2571 sed
812 2508 993 2571 accuratius
1011 2513 1097 2573 trac-

89 2596 160 2658 tare
184 2616 242 2659 nec
266 2595 304 2657 de
327 2595 477 2658 manibus
500 2617 653 2680 umquam
675 2595 843 2678 deponere.
878 2594 964 2658 Illud
987 2600 1095 2661 autem

89 2682 172 2745 mihi
195 2686 269 2746 ante
296 2681 359 2745 hoc
386 2685 514 2766 tempus
536 2704 712 2766 numquam
739 2683 774 2746 in
796 2686 938 2746 mentem
960 2685 1051 2747 venit
1078 2707 1098 2748 a

89 2773 123 2832 te
149 2769 323 2852 requirere3
356 2770 412 2833 sed
438 2792 522 2834 nunc
555 2774 669 2854 postea
699 2792 796 2853 qnam
828 2793 898 2834 sum
930 2770 1097 2854 ingressus

90 2878 141 2921 res
174 2878 242 2940 eas,
274 2878 353 2939 quas
390 2861 498 2921 tecum
530 2859 627 2922 simul
659 2857 768 2941 didici,
800 2858 951 2922 mandare
982 2881 1097 2924 monu-
1110 2886 1136 2925 ao

90 2944 208 3007 mentis
226 2943 528 3028 philosophiamque
542 2951 683 3011 veterem
701 2946 793 3009 illam
807 2968 827 3010 a
846 2945 976 3010 Socrate
991 2951 1097 3012 ortam

89 3029 216 3094 Latinis
238 3030 356 3095 litteris
381 3032 558 3117 illustrare,
585 3055 718 3118 quaero,
745 3033 821 3118 quid
844 3034 901 3116 sit,
925 3056 994 3117 cur,
1022 3057 1098 3100 cum

89 3119 192 3182 multa
222 3118 358 3200 scribas,
389 3119 451 3184 hoc
486 3142 586 3206 genus
620 3122 873 3204 praetermittas,
905 3123 1098 3204 praesertim

89 3227 163 3270 oum
191 3208 224 3268 et
246 3206 315 3288 ipse
337 3206 373 3269 in
395 3229 434 3273 eo
457 3209 593 3273 excellas
618 3213 650 3272 et
676 3209 710 3273 id
737 3209 878 3272 studium
899 3213 1032 3293 totaque
1057 3233 1096 3276 ea

90 3314 141 3356 res
164 3292 261 3376 longe
284 3295 398 3358 ceteris
423 3299 455 3359 et
478 3295 592 3360 studiis
617 3300 649 3360 et
671 3296 796 3361 artibus
820 3298 997 3361 antecedat.
1111 3325 1137 3365 ss

49 3351 71 3475 Ξ
156 3380 239 3444 Tum
268 3380 338 3445 ille:
367 3381 450 3446 Rem
473 3405 493 3446 a
519 3405 570 3447 mo
590 3406 693 3467 ,saepe
720 3384 933 3450 deliberatam
960 3390 993 3449 et
1016 3388 1097 3451 mul·

89 3471 158 3531 tum
195 3469 352 3552 agitatam
390 3470 535 3553 requiris.
593 3471 707 3556 Itaque
742 3494 808 3537 non
843 3473 1011 3539 haesitans
1047 3497 1097 3539 re·
