2346 3876
353 163 419 218 nm.
438 162 472 218 11.
501 161 576 218 cre.
597 168 626 232 1,
645 168 670 217 2.
697 167 818 230 ss-s.
1048 163 1093 228 23

80 330 152 391 tum
184 327 221 390 in
252 325 400 391 maximis
432 326 529 390 rebus
560 323 748 409 profuisset,
776 323 928 409 dicerem,
961 325 1026 390 nisi
1054 325 1092 389 de

80 436 133 478 rne
160 413 236 498 ipso
265 413 434 478 dicendum
461 416 558 496 esset,
582 413 666 496 quod
691 412 753 477 hoo
779 415 925 496 tempore
951 433 1017 478 non
1043 417 1094 477 est
1146 494 1149 499 ν

80 523 225 566 neeesse.
278 499 391 585 Itaque
422 501 559 585 privabo
594 501 703 584 potins
735 499 827 564 illum
861 500 969 566 debito
1000 501 1092 565 testi·

81 589 194 655 monio
219 611 318 673 qnam
340 588 372 655 id
395 610 467 654 cnm
490 610 562 653 mea
583 588 678 653 laude
701 588 941 653 communicem.
997 578 1003 591 ’
1110 629 1132 692 2

53 706 67 745 s
149 675 215 742 Sed
239 699 321 761 quae
342 676 492 761 populari
521 676 624 760 gloria
651 676 796 740 decorari
822 675 857 761 in
881 675 1016 742 Lucullo
1040 676 1128 757 de-4

82 767 240 849 buerunt,
268 786 307 829 ca
332 765 399 829 fere
422 767 553 829 suntet
575 761 706 828 Graecis
732 763 851 827 litteris
875 763 1037 829 celebrata
1059 767 1093 827 et

82 853 221 919 Latinis.
270 851 341 917 Nos
369 856 477 917 antem
505 851 564 916 illa
590 856 722 916 externa
754 873 826 916 cum
856 851 1093 945 multisbhaee

82 940 242 1006 interiora
255 962 328 1005 cunr
345 941 457 1024 paucis
476 962 514 1004 ex
533 939 604 1024 ipso
619 961 715 1023 saepe
729 939 951 1024 eognovimus3
969 939 1091 1003 maiore

83 1030 171 1093 enim
203 1027 310 1093 studio
342 1026 495 1093 Lucullus
533 1049 606 1092 cum
639 1027 726 1092 omni
761 1027 941 1092 litterarum
973 1027 1093 1112 generi,

44 1143 69 1182 ιο
82 1120 155 1181 tum
178 1115 406 1199 philosophiae
425 1115 552 1180 deditus
576 1102 651 1199 l'uit,
675 1136 784 1199 quam,
808 1116 864 1198 qui
885 1115 978 1179 illum
1001 1115 1092 1200 igno·

82 1205 216 1287 rabant,
240 1204 496 1287 arbitrabantur,
518 1224 578 1268 nee
600 1224 674 1267 vero
697 1203 826 1267 ineunte
850 1206 955 1267 aetate
978 1204 1093 1285 solum,

81 1292 140 1357 sed
159 1294 195 1356 et
212 1313 271 1375 pro
291 1295 460 1375 quaestore
479 1291 603 1374 aliquot
621 1311 721 1354 annos
745 1292 778 1354 et
800 1290 922 1375 inipso
941 1292 1040 1375 bello,
1059 1293 1093 1356 in

82 1402 147 1465 quo
176 1379 231 1443 ita
247 1399 366 1464 magna
394 1379 442 1443 rei
465 1378 616 1442 militaris
639 1400 709 1443 csse
732 1379 901 1462 occupatio
929 1380 1025 1464 solet,
1056 1382 1094 1442 ut
1169 1413 1172 1419 ·

82 1489 149 1533 non
177 1467 317 1531 multum
339 1465 528 1550 imperatori
555 1466 614 1530 sub
642 1465 722 1548 ipsis
750 1466 892 1549 pellibus
915 1467 974 1530 otii
997 1467 1093 1530 relin-

44 1583 69 1622 ιε
84 1557 214 1640 quatur.
251 1551 333 1632 Cum
357 1557 465 1618 autem
484 1575 501 1618 e
518 1552 721 1636 philosophis
743 1554 873 1637 ingenio
898 1554 1094 1638 scientiaque

82 1645 257 1727 putaretur
280 1640 469 1726 Antiochus,
490 1640 637 1706 Philonis
661 1641 805 1719 auditor,
828 1640 996 1722 excellere,
1019 1663 1093 1705 eum

83 1752 196 1796 secum
221 1733 253 1794 et
271 1733 423 1813 quaestor
443 1729 561 1794 habuit
579 1731 612 1792 et
632 1731 708 1812 post
726 1728 851 1811 aliquot
869 1749 970 1792 annos
992 1729 1093 1812 impe-

83 1822 189 1896 rator,
218 1817 336 1902 quique
368 1820 454 1883 essct
485 1838 523 1881 ca
554 1816 722 1900 memoria,
750 1837 813 1899 qua
846 1818 920 1880 ante
948 1816 1027 1899 dixi,
1056 1838 1094 1880 ea

84 1927 182 1990 saepe
202 1905 359 1970 audiendo
382 1905 476 1971 facile
495 1904 660 1989 cognovit,
684 1924 765 1988 quae
788 1904 839 1967 vel
862 1904 961 1968 semel
984 1904 1094 1977 audita

43 2022 71 2062 so
85 1993 274 2058 meminisse
314 1993 481 2076 potuisset.
543 1990 773 2056 Delectabatur
813 1994 921 2055 autem
960 1993 1093 2056 mirifice

83 2082 226 2148 lectione
248 2080 414 2164 librorum,
438 2080 614 2164 dequibus
639 2079 798 2144 audiebat.

153 2168 200 2233 At
227 2189 338 2234 vereor
367 2167 542 2250 interdum,
568 2189 608 2232 ne
642 2167 757 2232 talium
783 2188 993 2250 personarum
1021 2180 1129 2233 cums

84 2256 428 2428 ttiilffilht
443 2277 586 2409 titt
604 2254 1094 2427 {tltttlttuittttt

44 2460 71 2500 es
86 2433 143 2518 qui
170 2431 425 2516 philosophiam,
447 2431 575 2515 reliqui,
603 2431 658 2514 qui
685 2431 814 2496 etiamsi
840 2430 921 2495 haec
945 2453 1011 2495 non
1033 2431 1093 2495 im-

84 2519 236 2605 probent,
254 2523 363 2585 tamen
378 2541 486 2584 earum
500 2540 606 2582 rerum
625 2518 875 2602 disputationem
893 2517 1093 2601 principibus

85 2607 231 2673 civitatis
259 2629 326 2672 non
352 2608 399 2672 ita
427 2608 575 2672 decoram
603 2608 731 2690 putent.¹
776 2605 848 2690 Ego
881 2607 988 2667 autern
1021 2627 1094 2670 eum

86 2694 230 2760 Graecas
247 2695 374 2760 litteras
391 2693 434 2758 M.
453 2693 609 2759 Catonem
631 2695 666 2757 in
686 2696 849 2758 senectute
871 2692 1020 2757 didicisse
1044 2715 1094 2757 ac·

86 2784 240 2868 ceperim,
276 2782 311 2847 P.
343 2786 450 2847 autem
481 2781 627 2846 Africani
662 2781 818 2846 historiae
855 2781 1029 2864 loquantur
1059 2781 1095 2845 in

44 2871 253 2956 alegatione
290 2870 348 2935 illa
383 2870 499 2951 nobili,
540 2891 636 2953 quam
678 2873 753 2933 ante
794 2890 961 2934 censuram
1004 2869 1095 2952 obiit,

85 2959 282 3024 Panaetium
304 2979 403 3023 unum
427 2959 556 3042 omnino
585 2957 735 3021 comitem
757 2955 867 3041 fuisse,
889 2978 949 3022 nec
971 2957 1094 3022 littera·

84 3068 158 3111 rum
177 3041 374 3110 Graecarum
392 3067 452 3111 nco
473 3045 699 3130 philosophiae
721 3045 786 3119 iam
808 3045 910 3109 ullum
931 3049 1094 3110 auctorem

84 3135 226 3217 requiro.
270 3132 401 3217 Restat,
428 3137 465 3197 ut
491 3133 533 3197 iis
559 3132 784 3215 respondeam,
812 3133 866 3215 qui
893 3133 1093 3198 sermonibus
1114 3145 1131 3194 6

85 3222 156 3286 eius
180 3220 270 3286 modi
291 3221 396 3286 nolint
413 3241 570 3304 personas
591 3224 658 3284 tam
682 3240 797 3302 graves
816 3219 958 3303 inligari.
994 3219 1095 3296 Quasi

44 3335 72 3376 as
85 3329 163 3374 vcro
196 3308 357 3373 clarorum
390 3309 532 3373 virorum
567 3312 623 3372 aut
656 3307 772 3372 taeitos
804 3326 991 3391 congressus
1024 3327 1095 3391 esse

84 3399 239 3480 oporteat
266 3400 323 3461 aut
349 3397 486 3462 ludicros
517 3417 679 3461 sermones
711 3397 768 3458 aut
789 3416 895 3459 rerum
923 3394 1095 3474 conloquia

82 3484 258 3550 leviorum!
291 3483 429 3570 Etenim,
448 3485 476 3549 si
494 3485 633 3569 quodam
646 3483 680 3548 in
698 3483 781 3547 libro
801 3501 876 3548 uere
894 3483 945 3547 est
961 3502 983 3545 a
998 3480 1099 3545 nobis
