2346 3876
305 1111 354 1187 M.
383 1111 544 1185 TULLII
570 1111 818 1188 CICERONIS

50 1277 128 1360 DE
165 1275 380 1363 RINIBUS
417 1276 674 1361 BONORUM
708 1278 776 1362 El
807 1275 1068 1363 MALORUM
1134 1366 1140 1379 ,

390 1442 510 1509 LIBRI
533 1442 741 1520 QUINQUE.

512 1605 617 1612 *—

412 1713 534 1772 LIBER
555 1713 713 1776 PRIMUS.

385 1852 739 1914 ARGUMENTUM.

128 1970 226 2025 Cicero
248 1970 399 2040 postquam
421 1969 618 2051 philosophiae
640 1968 764 2025 studium
791 1967 894 2039 scripto
917 1967 1069 2024 Hortensio

54 2041 185 2099 defendit
203 2042 233 2095 et
250 2040 456 2096 commendavit
474 2040 612 2108 editisque
635 2041 768 2110 quattuor
786 2039 961 2095 Academicis
979 2039 1068 2107 libris,

54 2113 134 2182 quod
158 2128 246 2182 genus
273 2110 493 2180 philosophandi
519 2109 635 2165 minime
666 2111 804 2181 adrogans
835 2110 1012 2179 maximeque
1040 2113 1069 2164 et

55 2186 191 2238 constans
210 2184 239 2236 et
257 2181 370 2251 elegans
389 2182 584 2249 arbitraretur,
608 2181 743 2249 ostendit,
767 2198 830 2237 cum
856 2182 1068 2236 fundamentum

54 2252 256 2324 philosophiae
278 2252 403 2321 positum
428 2269 487 2308 esse
509 2251 621 2306 videret
637 2251 668 2306 in
688 2251 790 2308 finibus
808 2253 945 2307 bonorum
963 2254 992 2306 et
1010 2269 1068 2305 ma-

54 2327 164 2391 lorum,
186 2324 261 2378 huno
282 2322 376 2392 ipsum
397 2322 455 2377 iarn
477 2323 571 2378 locum
596 2338 632 2392 pe
666 2336 766 2393 urgere
784 2322 931 2378 constItuit
949 2338 1021 2377 anno
1040 2340 1067 2391 p.

54 2415 83 2451 u.
104 2412 128 2449 c.
148 2400 201 2449 ‘109
220 2395 285 2448 ante
303 2392 366 2448 (lhr.
384 2394 443 2449 nat.
462 2399 510 2462 45,
527 2395 571 2462 nt,
591 2339 695 2462 quida
712 2410 823 2463 quoqne
837 2395 867 2448 et
885 2392 953 2462 quid
967 2393 1068 2447 eontra

55 2481 198 2535 quemque
221 2464 421 2534 philosophum
445 2463 596 2532 diceretur,
618 2463 747 2533 intellegi
768 2466 873 2533 posset.
915 2462 1014 2530 Itaque
1037 2464 1070 2516 ut

54 2536 86 2591 in
101 2534 219 2603 reliquis
233 2535 267 2589 de
281 2534 463 2604 philosophia
476 2534 555 2590 libris
569 2533 650 2602 iecit,
669 2533 790 2590 Graecos
807 2535 935 2588 auctores
949 2535 1068 2600 secutus,

56 2623 178 2676 quorum
203 2604 308 2673 scripta
329 2621 419 2675 paene
442 2606 479 2660 ad
501 2604 618 2662 verbum
640 2605 789 2674 expressit,
815 2605 850 2659 de
869 2603 1067 2659 summobono

56 2680 86 2733 et
100 2677 178 2732 malo
192 2676 235 2730 ita
249 2675 411 2746 disputavit,
429 2677 461 2730 ut
473 2675 534 2745 ipse
548 2674 712 2728 Aristotelio
726 2691 804 2730 more
817 2675 847 2729 in
861 2674 974 2744 dialogo
988 2689 1068 2743 prae-

55 2746 511 2888 septemillia?
526 2744 914 2887 gggffiuffinffingg
927 2760 1069 2885 stilti

497 2859 503 2885 I
776 2858 783 2884 i

56 2888 242 2959 philosophia
264 2891 318 2957 est,
345 2887 419 2942 inter
441 2887 601 2943 Ciceronem
631 2889 661 2942 et
682 2886 713 2940 L.
736 2886 872 2940 Manlium
895 2887 1069 2955 Torquatum

57 2963 88 3014 et
108 2959 139 3015 C.
157 2958 302 3014 Valerium
321 2957 461 3013 Triarium
483 2958 514 3012 L.
532 2957 632 3012 Paullo
652 2956 680 3011 O.
699 2957 834 3012 Marcello
860 2974 929 3013 coss.
949 2974 1022 3012 anno
1040 2974 1068 3025 p.

56 3049 84 3087 u.
100 3048 124 3086 c.
139 3035 206 3098 704,
225 3045 250 3086 a.
270 3029 332 3084 Chr.
345 3032 403 3084 nat.
419 3034 462 3097 60,
479 3027 510 3083 in
528 3027 669 3082 Ciceronis
683 3026 807 3082 Cumano
820 3027 933 3082 habitus
946 3027 1068 3097 fingitur.

56 3103 263 3171 Argumentum
282 3102 377 3154 autem
395 3098 477 3154 huius
494 3098 561 3153 libri
578 3098 637 3152 fere
656 3097 716 3153 eius
734 3095 812 3152 modi
828 3097 985 3153 est:.Initio
1004 3097 1069 3151 libri

58 3173 158 3226 Cicero
176 3170 214 3229 ld.
232 3171 351 3225 Brutum
369 3170 523 3238 adloquens
542 3168 689 3224 consilium
707 3186 788 3222 suum
806 3184 853 3236 ea,
879 3183 950 3237 quae
968 3167 1069 3221 Graeci

58 3243 94 3296 de
116 3240 299 3312 philosophia
321 3240 509 3310 scripsissent,
531 3238 639 3295 Latinis
662 3238 766 3293 litteris
790 3237 944 3292 mandandi
961 3252 979 3290 a
996 3237 1068 3290 vitu-

57 3311 236 3382 peratoribus
259 3311 300 3366 sic
323 3311 461 3378 defendit,
484 3312 528 3379 nt,
553 3310 685 3379 quoniam
708 3309 853 3363 universae
872 3306 1068 3376 philosophiae
1143 3368 1146 3373 ¹

57 3380 304 3452 reprehensoribus
322 3380 353 3436 in
365 3381 516 3437 Hortensio
534 3397 697 3450 responsum
715 3379 765 3447 sit,
784 3379 881 3432 eontra
899 3393 947 3431 ecs
965 3377 1069 3444 autem,
1133 3376 1146 3459 i

58 3453 107 3522 qui
132 3452 340 3523 philosophiam
366 3468 422 3507 non
442 3467 560 3521 prorsus
583 3450 716 3524 reiciant,
742 3448 795 3507 sed
815 3447 912 3504 miuus
933 3447 1027 3502 studii
1050 3450 1086 3502 et

1126 3692 1146 3755 ,J
