2356 3870
260 227 261 230 *
322 185 389 239 Lm.
409 186 441 240 v.
471 185 546 240 cup.
568 192 689 241 ro-rs.
719 191 874 252 scu-53.
1033 183 1099 248 443

88 345 262 409 dicandum
296 348 328 408 et
358 367 436 428 prae
468 368 502 409 so
533 347 698 411 ferendum
727 347 777 410 sit.
830 346 953 422 Quibus
982 347 1099 429 posit1s

89 433 254 517 intellegis
277 433 354 516 quid
373 436 537 517 sequutum
561 438 594 499 et
616 435 757 518 quidem,
779 434 843 498 nisi
862 457 900 498 ea
918 434 987 498 vita
1005 435 1100 498 beata

88 524 153 602 est,
183 543 263 604 quae
291 523 340 584 est
367 522 478 585 eadem
512 522 662 605 honesta,
695 522 738 586 sit
770 522 857 585 aliud
888 543 1017 586 necesse
1049 526 1099 585 est

89 609 206 672 melius
236 609 303 673 vita
333 609 443 692 beata3
479 610 564 692 quod
597 611 659 673 erit
686 610 771 673 enim
798 610 981 687 honestum,
1014 613 1098 673 certe

61 696 281 763 sfatebuntur
312 718 380 760 esse
411 697 535 762 melius.
587 697 639 761 Ita
669 699 729 760 erit
758 698 855 761 beata
882 697 951 761 vita
984 697 1098 761 melius

90 784 229 868 aliquid,
253 806 315 867 quo
340 784 416 866 quid
438 788 548 867 potest
572 785 634 850 dici
657 785 861 868 perversius?
899 784 1004 861 Quid?
1027 806 1099 849 eum

89 871 235 935 fatentur
254 872 333 935 satis
360 891 512 955 magnam
534 873 601 936 vim
624 893 693 936 esse
717 873 752 936 in
773 873 861 936 vitiis
885 873 925 937 ad
948 873 1099 937 miseram

90 961 208 1043 vitam,
225 981 332 1024 nonne
350 959 516 1024 fatendum
536 964 586 1024 est
604 961 736 1024 eandem
755 960 874 1024 vim'in
891 961 1010 1024 virtute
1030 981 1099 1024 esse

90 1047 131 1112 ad
155 1048 284 1111 beatam
306 1047 429 1111 vitam?
466 1046 709 1113 Contrariorum
732 1048 816 1112 enim
839 1049 1001 1113 contraria
1024 1052 1099 1112 sunt

49 1162 76 1202 ro
91 1136 327 1218 consequentia.
382 1134 452 1210 Quo
483 1136 555 1201 loco
588 1157 723 1219 quaero,
754 1158 850 1219 quam
881 1137 948 1202 uim
979 1137 1149 1200 habeatur

90 1223 176 1287 libra
197 1223 256 1286 illa
280 1219 429 1306 Critolai,
456 1223 606 1306 quicum
634 1224 669 1286 in
691 1224 827 1288 alteram
851 1224 977 1288 lancem
1000 1225 1099 1288 animi

90 1311 177 1375 bona
200 1311 359 1393 imponat,
382 1311 416 1373 in
435 1310 570 1375 alteram
589 1313 732 1394 corporis
752 1315 785 1375 et
803 1315 947 1396 externa,
970 1315 1100 1376 tantum

89 1399 289 1482 propendere
316 1399 406 1462 illam
434 1399 525 1478 [boni
552 1400 691 1479 lancem]
719 1402 822 1482 putet,
851 1404 888 1463 ut
914 1403 1034 1463 terram
1067 1402 1099 1463 et

90 1487 195 1550 maria
218 1486 386 1569 deprimat.

49 1600 76 1639 15
158 1573 242 1650 Quid
257 1595 334 1658 ergo
354 1577 410 1638 aut
426 1574 513 1638 hunc
531 1574 684 1657 prohibet
702 1578 757 1637 aut
771 1575 870 1637 etiam
883 1572 1099 1638 Xenocratem
1112 1569 1150 1632 18

90 1662 183 1726 illum
207 1662 435 1746 gravissimum
458 1661 737 1745 philosophorum,
761 1665 1009 1746 exaggerantem
1028 1665 1099 1726 tan-

90 1755 202 1832 topere
220 1750 386 1832 virtutem,
410 1752 636 1814 extenuantem
655 1754 762 1814 cetera
785 1752 817 1812 et
841 1749 1042 1831 obicientem,
1065 1750 1099 1813 in

90 1838 211 1901 virtute
238 1859 303 1902 non
329 1838 460 1901 beatam
482 1837 577 1902 modo
599 1837 713 1919 vitam,
742 1838 797 1901 sed
825 1838 923 1901 etiam
950 1838 1096 1902 beatissi-

91 1948 179 1990 mam
203 1925 345 2009 ponere‘?
368 1925 454 2008 quod
473 1925 601 2009 quidem
619 1925 684 1988 nisi
703 1926 753 2009 fit,
777 1925 933 1989 virtutum
951 1925 1099 1989 interitus

49 2041 77 2080 ao
92 2016 313 2097 consequetur.
344 2012 430 2077 Nam
449 2014 484 2077 in
502 2035 596 2097 quem
612 2013 699 2077 cadit
717 2013 893 2097 aegritudo,
911 2013 946 2076 in
964 2013 1099 2076 eundem
1118 2032 1151 2081 52

90 2105 214 2165 metum
246 2101 358 2165 cadere
389 2122 519 2165 necesse
552 2104 614 2183 est3
646 2105 696 2164 est
719 2102 809 2179 ,enim
839 2103 942 2165 metus
972 2101 1100 2165 futurae

92 2189 302 2273 aegritudinis
350 2188 490 2253 sollicita
531 2190 741 2272 exspectati03
782 2189 817 2253 in
858 2210 952 2273 quem
992 2193 1100 2253 autem

92 2280 210 2360 metue,
233 2277 267 2340 in
291 2277 426 2340 eundem
446 2276 600 2358 formido,
623 2276 795 2360 timiditas,
817 2299 932 2360 pavor,
955 2276 1099 2361 ignavia3

92 2385 184 2450 ergo,
206 2368 243 2429 ut
261 2364 345 2428 idem
364 2365 510 2428 vincatur
527 2364 689 2427 interdum
707 2384 766 2428 neo
788 2367 880 2446 putet
899 2364 941 2434 ad
957 2385 990 2427 se
1008 2385 1099 2447 prae·

50 2456 221 2536 receptum
244 2452 325 2516 illud
348 2452 441 2516 Atrei
463 2453 636 2536 pertinere:

179 2575 344 2639 Proinde
380 2573 436 2639 ita
471 2577 610 2659 parent
645 2595 684 2638 se
719 2574 761 2638 in
797 2572 890 2655 vita,
929 2577 966 2638 ut
997 2573 1100 2638 uinci

826 2661 1010 2725 nesciant.
1147 2677 1159 2707 ⁸

93 2804 156 2868 Hic
185 2806 292 2867 autem
315 2803 474 2885 vincetur,
501 2805 539 2867 ut
562 2803 638 2880 dixi,
664 2823 724 2866 nec
746 2802 841 2866 modo
864 2801 1022 2884 vincetur,
1046 2801 1101 2865 sed

94 2893 193 2957 etiam
217 2891 345 2973 serviet,
374 2893 408 2954 at
435 2911 494 2954 nos
521 2890 674 2955 uirtutem
698 2911 823 2972 semper
849 2889 986 2952 liberam
1012 2889 1101 2954 volu·

93 3002 178 3064 mua,
203 3000 329 3061 semper
351 2978 520 3061 invictam,
544 3000 624 3062 quae
647 2978 711 3042 nisi
735 2981 822 3062 sunt,
846 2977 974 3041 sublata
997 2977 1100 3041 virtus

53 3095 79 3135 ao
94 3072 152 3132 est.
197 3066 305 3150 Atque
334 3066 361 3129 si
388 3067 423 3128 in
445 3066 564 3130 virtute
593 3066 673 3131 satis
698 3069 747 3130 est
773 3065 928 3148 praesidii
951 3064 991 3127 ad
1018 3065 1100 3128 bene
1119 3082 1152 3132 53

92 3155 277 3232 vivendum,
308 3150 388 3218 satis'
417 3156 466 3217 est
496 3154 593 3218 etiam
622 3153 662 3218 ad
691 3154 799 3236 beate3
829 3152 909 3217 satis
938 3154 987 3215 est
1015 3152 1100 3215 enim

93 3246 181 3310 certe
199 3243 234 3305 in
252 3243 385 3325 virtute,
407 3245 444 3306 ut
461 3241 591 3306 fortiter
608 3242 767 3325 vivamus3
791 3241 818 3304 si
838 3239 978 3321 fortiter,
1001 3240 1101 3302 etiam

92 3335 130 3397 ut
162 3351 280 3415 magno
313 3331 438 3411 animo,
471 3334 504 3394 et
536 3329 662 3413 quidem
694 3332 731 3393 ut
761 3329 852 3392 nulla
883 3348 916 3410 re
949 3347 1102 3410 umquam

92 3426 272 3484 terreamur
290 3439 478 3500 semperque
498 3418 597 3481 simus
621 3416 743 3503 inuicti.
780 3414 942 3499 Sequitur,
966 3419 1003 3478 ut
1020 3414 1102 3478 nihil

51 3534 78 3577 ³5
92 3509 270 3594 paeniteat,
297 3505 380 3571 nihil
408 3505 504 3589 desit,
530 3505 616 3570 nihil
638 3505 757 3590 obstet3
787 3525 863 3590 ergo
893 3502 1002 3568 omnia
1028 3523 1101 3587 pro-
