2346 3876
126 165 169 229 98
292 163 341 219 DE
360 162 503 224 FINIBUS
521 163 702 220 BONORUM
720 163 768 218 Er
786 160 970 218 MALORUM

125 324 258 390 defensa
286 325 335 390 est
356 325 489 410 Epicuri
512 328 672 392 sententia
700 327 739 391 de
763 326 946 409 voluptate,
974 347 995 389 a
1023 347 1135 410 meque

126 414 156 478 ei
185 434 387 498 responsum,
416 436 487 478 cum
516 413 551 481 Ο.
574 414 733 498 Triarius,
759 413 794 478 in
820 413 935 498 primis
963 415 1074 499 gravis
1104 420 1134 480 et

74 514 108 563 14
127 501 240 566 doctus
273 503 473 586 adulescens,
506 504 537 567 ei
568 503 780 586 disputationi
815 503 997 568 interesset.
1051 502 1134 568 Nam

126 611 198 654 oum
231 591 272 655 ad
304 613 355 655 me
387 591 422 655 in
454 588 634 656 Cumanum
672 590 834 656 salutandi
870 612 969 656 causa
1001 594 1133 675 uterque

126 679 282 762 venisset,
308 700 413 762 pauca
439 679 545 764 primo
572 679 659 743 inter
685 701 745 744 nos
772 678 811 743 de
838 678 970 762 litteris,
1000 701 1154 764 quarums

126 789 286 831 summum
309 770 380 832 erat
401 766 437 831 in
451 771 596 852 >utroque
620 768 776 851 studium,
802 766 916 832 deinde
938 766 1132 851 Torquatus:

127 854 286 931 Quoniam
308 855 397 920 nacti
425 857 472 938 te,
498 856 618 939 inquit,
645 877 755 920 sumus
784 855 956 938 aliquando
985 856 1133 939 otiosum,

126 945 212 1006 certe
236 943 379 1025 audiam,
407 943 483 1027 quid
507 944 564 1027 sit,
592 944 676 1028 quod
698 943 875 1026 Epicurum
898 946 1049 1009 nostrum
1071 965 1133 1009 non

125 1034 161 1095 tu
184 1030 313 1114 quidem
337 1030 457 1110 oderis,
486 1035 524 1096 ut
545 1031 612 1097 fere
634 1031 771 1114 faciunt,
798 1031 853 1116 qui
880 1031 922 1096 ab
946 1053 985 1097 eo
1015 1031 1132 1096 dissen-

124 1119 224 1203 tiunt,
252 1119 308 1184 sed
334 1123 421 1184 certe
442 1142 509 1186 non
530 1120 663 1204 probes,
690 1141 763 1184 eum
792 1140 887 1204 quem
910 1139 970 1205 ego
995 1120 1165 1185 arbitrario

125 1228 225 1271 unum
254 1207 374 1272 vidisse
405 1230 517 1272 verum
555 1207 769 1293 maximisque
806 1207 970 1273 erroribus
1008 1207 1132 1273 animos

123 1293 292 1359 hominum
318 1295 505 1360 liberavisse
533 1299 567 1361 et
594 1298 704 1361 omnia
729 1295 914 1374 tradidisse,
950 1318 1033 1380 quae
1065 1318 1132 1380 per·

125 1383 267 1447 tinerent
294 1383 337 1448 ad
362 1382 444 1448 bene
471 1385 629 1469 beateque
655 1384 836 1450 vivendum.
888 1382 951 1449 Sed
983 1384 1131 1450 existimo

124 1474 171 1554 te,
201 1472 284 1536 sicut
311 1475 459 1537 nostrum
485 1472 659 1556 Triarium,
691 1472 798 1538 minus
831 1473 873 1538 ab
901 1493 939 1537 eo
972 1472 1133 1557 delectari,

125 1559 210 1644 quod
236 1559 302 1625 ista
327 1558 489 1645 Platonis,
516 1559 701 1643 Aristoteli,
728 1560 947 1645 Theophrasti
976 1561 1166 1627 orationisu

125 1652 314 1713 ornamenta
340 1649 528 1734 neglexerit.
572 1647 659 1714 Nam
687 1648 767 1713 illud
790 1648 918 1732 quidem
943 1649 1059 1714 adduci
1081 1650 1132 1714 vir

125 1758 267 1820 possum,
285 1740 321 1801 ut
339 1759 385 1821 ea,
408 1759 489 1821 quae
508 1737 646 1802 senserit
662 1737 726 1820 ille,
747 1737 809 1801 tibi
826 1758 893 1801 non
910 1758 988 1801 vera
1006 1736 1133 1802 videan-

73 1833 106 1883 15
124 1828 186 1889 tur.
218 1824 310 1907 Vide,
329 1829 494 1909 quantum,
511 1826 653 1910 inquam,
670 1824 795 1903 fallare,
814 1824 985 1909 Torquate.
1022 1823 1132 1891 Oratio

125 1935 176 1977 me
194 1913 288 1978 istius
306 1911 495 1997 philosophi
512 1935 578 1978 non
596 1912 741 1996 offendit3
764 1934 839 1977 nam
858 1917 892 1978 et
910 1913 1134 1996 complectitur

124 2002 243 2083 verbis,
267 2000 453 2084 quodvult,
476 2004 510 2065 et
532 2001 610 2066 dicit
632 2002 740 2085 plane,
763 2000 850 2085 quod
871 2000 1077 2086 intellegam
1101 2005 1168 2066 ctu

124 2089 234 2152 tamen
256 2108 316 2173 ego
339 2110 360 2152 a
381 2088 591 2173 philosopho,
618 2090 646 2154 si
675 2089 789 2154 afferat
811 2089 1044 2174 eloquentiam,
1068 2111 1134 2154 non

126 2198 290 2260 aspernor,
314 2176 341 2240 si
363 2198 430 2242 non
450 2177 583 2262 habeat,
604 2199 670 2243 non
694 2176 867 2243 admodum
889 2177 1045 2263 flagitem.
1087 2175 1133 2242 Re

124 2265 205 2329 mihi
231 2286 299 2329 non
326 2286 425 2349 aeque
454 2265 626 2350 satisfacit,
656 2268 689 2329 et
716 2265 843 2350 quidem
870 2265 951 2331 locis
978 2265 1133 2350 pluribus.

125 2351 187 2418 Sed
216 2356 295 2437 quot
322 2352 485 2438 homines,
512 2356 562 2418 tot
585 2354 777 2438 sententiae3
804 2353 875 2419 falli
897 2354 1000 2440 igitur
1020 2375 1132 2438 possu-

124 2464 206 2507 mus.
256 2440 518 2516 Quamobrem
544 2441 688 2526 tandem,
714 2442 835 2526 inquit,
860 2463 927 2507 non
949 2440 1168 2508 satisfacitlu

124 2534 157 2595 te
176 2530 262 2595 enim
285 2530 425 2596 iudicem
448 2552 585 2614 aequum
607 2533 702 2613 puto,
724 2530 833 2613 modo,
856 2552 937 2615 quae
960 2529 1048 2595 dicat
1069 2527 1132 2612 ille,

73 2620 205 2684 lobene
227 2619 327 2684 noris.
372 2617 447 2684 Nisi
469 2618 550 2682 mihi
572 2617 766 2701 Phaedrum,
793 2619 938 2702 inquam,
960 2619 1133 2684 mentitum

126 2711 182 2773 aut
209 2707 370 2772 Zenonem
396 2711 508 2791 putas,
540 2720 675 2791 quorum
702 2710 875 2790 utrumque
907 2706 1030 2790 audivi,
1062 2727 1134 2772 cum

126 2796 206 2860 mihi
227 2795 310 2859 nihil
334 2816 411 2859 sane
433 2797 561 2878 praeter
582 2795 786 2860 sedulitatem
808 2795 998 2878 probarent,
1021 2815 1132 2860 omnes

125 2883 206 2948 mihi
228 2882 360 2966 Epicuri
383 2883 562 2948 sententiae
585 2884 664 2948 satis
687 2889 784 2948 notae
807 2884 892 2947 sunt.
936 2882 1045 2967 Atque
1070 2903 1169 2966 coare

126 2993 206 3056 quos
229 2971 410 3055 nominavi,
439 2993 511 3036 oum
534 2971 644 3036 Attico
667 2973 779 3036 nostro
806 2970 993 3054 frequenter
1016 2970 1134 3054 audivi,

124 3082 198 3125 cum
215 3059 388 3123 miraretur
405 3058 460 3124 ille
478 3059 607 3143 quidem
621 3063 803 3144 utrumque,
820 3058 1004 3123 Phaedrum
1023 3062 1133 3123 autem

124 3148 223 3213 etiam
251 3151 389 3231 amaret,
417 3147 596 3231 cotidieque
627 3148 712 3213 inter
738 3168 799 3212 nos
828 3168 878 3232 ea,
910 3168 993 3231 quae
1025 3148 1134 3212 audie·

124 3237 248 3320 hamne,
262 3235 516 3319 conferebamus,
534 3257 637 3320 neque
651 3238 721 3300 erat
734 3256 888 3319 umquam
902 3237 1134 3318 controversia,

85 3375 105 3439 6
125 3325 201 3410 quid
224 3344 284 3409 ego
306 3324 540 3410 intellegerem,
564 3324 620 3389 sed
642 3323 718 3408 quid
740 3325 920 3408 probarem.
1144 3341 1169 3387 se

72 3453 105 3501 17
191 3411 275 3488 Quid
302 3413 497 3498 igiturest?
524 3412 643 3497 inquit3
672 3412 780 3478 audire
807 3412 894 3476 enirn
922 3412 1033 3496 cupio,
1057 3409 1134 3496 quid

115 3523 185 3566 non
209 3502 342 3585 probes.
392 3500 568 3585 Principio,
594 3500 740 3586 inquam,
766 3499 801 3564 in
829 3499 987 3595 physicis,
1015 3499 1133 3584 quibus
