2346 3876
106 168 172 235 322
301 168 598 225 TUSCULANARUM
618 164 924 226 DISPUTATIONUM

173 329 235 397 Sed
253 331 398 416 profecto
416 352 504 397 mors
522 336 593 396 tum
607 332 803 415 aequissimo
817 333 930 401 animo
946 333 1095 416 oppetitur

106 442 178 485 cum
205 420 272 485 suis
300 441 334 484 sc
360 419 508 484 laudibus
536 419 606 483 vita
633 419 780 484 occidens
809 422 974 486 consolari
1000 425 1095 505 potest

104 507 209 573 Nemo
232 530 347 591 parum
370 507 425 571 diu
447 507 541 588 vixit,
565 508 620 590 qui
642 508 772 573 virtutis
791 507 957 591 perfectae
975 509 1095 593 perfect<

104 597 233 661 functus
257 599 307 661 est
329 616 469 660 munere.
504 595 611 659 Multa
633 594 715 659 mihi
737 596 800 679 ipsi
820 596 860 661 ad
880 601 1019 662 mortem
1035 600 1095 661 tem·

105 685 231 769 pestiva
253 684 398 761 fuerunt,
422 704 504 766 quae
527 684 651 747 utinam
674 683 855 767 potuissem
879 685 984 750 obire!
1021 683 1095 750 Nihil

105 773 190 837 enim
217 773 282 836 iam
310 771 552 854 acquirebatur,
579 773 742 836 cumulata
770 775 863 836 erant
890 773 999 838 officia
1020 772 1095 852 vitae,

104 882 178 926 cum
209 861 341 925 fortuna
372 858 458 923 bella
494 859 670 924 restabant
725 858 832 935 Quare
863 862 893 924 si
924 861 997 944 ipsa
1029 860 1095 925 ratio

104 950 210 1013 minus
242 947 399 1031 perficiet,
430 951 468 1011 ut
498 950 636 1012 mortem
666 947 842 1032 neglegere
873 950 1045 1031 possimus,
1069 949 1094 1010 at

104 1038 172 1102 vita
190 1040 264 1102 acta
285 1035 443 1119 perficiat,
467 1039 503 1100 ut
522 1034 602 1100 satis
620 1057 778 1118 superque
797 1034 919 1101 vixisse
941 1036 1092 1102 videamur.

104 1125 305 1206 Quamquam
324 1122 410 1186 enim
429 1143 542 1187 sensus
561 1123 688 1206 abierit,
706 1126 816 1188 tamen
836 1125 904 1189 suis
923 1127 958 1189 et
974 1122 1090 1209 propriis

103 1213 198 1277 bonis
221 1210 326 1281 laudis
345 1213 378 1273 et
400 1211 537 1294 gloriae,
561 1211 708 1295 quamvis
726 1232 793 1275 non
812 1213 971 1297 sentiant,
994 1208 1089 1276 mortui

103 1322 169 1366 non
192 1302 310 1364 carent.
354 1296 428 1362 Etsi
456 1299 541 1362 enim
570 1298 654 1363 nihil
677 1299 834 1363 haletin
857 1322 894 1364 se
917 1301 1030 1384 gloria,
1050 1317 1090 1362 cur

79 1453 92 1472 Ἰ
105 1391 285 1471 expetatur,
312 1390 423 1450 tamen
450 1387 603 1451 uirtutem
632 1391 799 1470 tamquam
822 1388 941 1453 umbra
964 1387 1090 1473 sequitur.

50 1453 103 1579 ᾖ)
124 1475 248 1542 Verum
266 1474 484 1540 multitudinis
507 1474 662 1540 iudicium
680 1475 719 1539 de
742 1476 836 1541 bonis
855 1477 884 1540 si
907 1476 1031 1560 quando
1047 1476 1090 1550 ast

104 1565 208 1650 magis
237 1562 433 1628 laudandum
461 1568 511 1627 est
538 1585 634 1646 quam
665 1563 715 1627 illi
747 1564 788 1627 ob
821 1585 894 1628 eam
921 1587 991 1630 rem
1017 1559 1090 1628 beati.

102 1654 178 1720 Non
200 1673 333 1737 possum
356 1654 465 1716 autem
486 1651 604 1733 dicore,
626 1652 872 1736 quoquomodo
895 1653 959 1718 hoc
981 1650 1090 1734 accipie

103 1747 170 1825 tur,
188 1741 382 1826 Lycurgum,
406 1737 558 1804 Solonem
576 1740 687 1823 legum
706 1744 738 1804 et
756 1740 906 1823 publicae
924 1739 1091 1824 discipliuae

103 1851 211 1895 carere
243 1828 362 1914 gloria,
393 1826 656 1906 Themistoclem,
688 1826 950 1912 Epaminondam
982 1827 1092 1894 bullicus

103 1917 241 1983 virtutis.
278 1916 364 1980 Ante
388 1915 475 1980 enim
495 1913 660 1981 Salamina
682 1915 787 1999 ipsam
803 1915 979 2000 Neptunus
999 1914 1095 1982 obruet

104 2027 200 2090 quam
228 2003 396 2070 Salaminii
423 2004 548 2087 tropaei
568 2004 773 2090 memoriam,
800 2005 956 2089 priusque
978 2002 1094 2070 Boeotia

103 2093 240 2158 Leuctra
276 2093 434 2157 tollentur
470 2112 567 2176 quam
607 2112 735 2177 pugnae
771 2090 962 2158 Leuctricae
999 2091 1094 2178 gloria

102 2177 208 2246 Multo
228 2184 335 2244 autem
353 2179 479 2244 tardius
492 2179 585 2245 fama
603 2181 729 2245 deseret
749 2177 897 2266 Curium,
920 2180 1095 2258 Fabricium,

104 2267 302 2351 Calatinum,
330 2268 391 2333 duo
420 2267 600 2352 Scipiones,
629 2269 691 2334 duo
716 2267 903 2352 Africanos,
925 2268 1095 2340 Maximum.

102 2357 305 2434 Marcellum,
327 2355 479 2434 Paulum,
502 2352 671 2439 damnem,
694 2355 849 2441 Laelium,
869 2354 1095 2424 innumerabilis

103 2447 199 2530 ali0s3
230 2467 366 2530 quorum
397 2444 641 2509 similitudinem
671 2445 812 2529 aliquam
837 2446 899 2529 ,qui
932 2446 1041 2530 arripu
1072 2442 1095 2523 'l

101 2557 168 2601 non
203 2555 274 2600 eam
309 2531 399 2598 tama
430 2533 591 2616 populari,
628 2532 684 2597 sed
716 2554 792 2598 vera
823 2533 984 2600 honorum
1019 2529 1095 2598 laude

102 2624 239 2688 metiens
266 2614 377 2686 fidenti
404 2620 525 2703 auimo,
553 2620 581 2686 si
609 2621 656 2700 ita
678 2643 729 2686 res
756 2621 852 2705 feret,
878 2614 1095 2707 gradieturad

102 2715 253 2794 mortem,
291 2710 326 2774 in
357 2731 421 2795 qua
453 2711 510 2774 aut
546 2731 706 2774 summum
738 2709 860 2774 bonum
897 2714 957 2776 aut
990 2708 1095 2776 nullum

103 2799 224 2864 malum
256 2819 326 2862 esse
358 2797 576 2883 cognovimus.
622 2795 775 2863 Secundis
805 2819 884 2863 vero
912 2799 986 2864 suis
1016 2796 1095 2863 rebus

102 2887 191 2951 volet
223 2886 321 2950 etiam
351 2886 447 2969 mori3
473 2907 541 2950 non
568 2885 654 2950 enim
681 2888 749 2950 tam
777 2887 925 2951 cumulus
954 2887 1095 2953 bononm

50 2973 280 3041 iniucundus
310 2995 381 3039 esse
408 2977 517 3057 potest
543 2995 638 3058 quam
662 2975 800 3039 molesta
823 2974 978 3040 decessio.
1020 2972 1095 3039 Haut

61 3135 67 3146 ,
103 3062 295 3128 sententiam
325 3061 506 3146 significare
536 3062 663 3126 videtur
692 3060 830 3127 Laconis
860 3063 920 3128 illa
948 3084 1023 3145 vox,
1047 3056 1095 3148 qul

102 3173 174 3216 cum
197 3148 343 3215 Rhodius
364 3148 539 3235 Diagoras,
561 3149 801 3234 Olympionices
819 3151 956 3235 nobilis,
979 3171 1041 3216 uno
1058 3146 1095 3212 dis

102 3239 165 3304 duo
190 3260 263 3304 suos
286 3237 371 3303 filios
391 3238 531 3302 victores
551 3237 720 3323 Olympiae
743 3237 890 3318 vidisset,
912 3229 1095 3305 accessitsd

103 3349 212 3392 senem
244 3331 276 3391 et
308 3326 502 3411 gratulatus:
545 3325 722 3410 morere,
752 3326 956 3412 Diagora',
992 3323 1095 3410 inquis

102 3415 193 3481 ‘non
225 3415 325 3480 enim
355 3415 393 3478 in
426 3415 571 3479 caelum
604 3435 836 3481 ascensurus
872 3414 934 3480 ea'
992 3413 1095 3497 Maga

92 3504 185 3593 daec,
206 3508 241 3572 et
258 3502 398 3572 nimium
414 3502 566 3586 fortasse,
582 3501 699 3568 Graeci
712 3506 832 3585 putant
847 3504 900 3569 vel
915 3507 989 3569 tum
1002 3500 1094 3586 potius
