<?xml version="1.0" encoding="UTF-8"?>
<!DOCTYPE html PUBLIC "-//W3C//DTD XHTML 1.0 Transitional//EN"
    "http://www.w3.org/TR/xhtml1/DTD/xhtml1-transitional.dtd">
<html xmlns="http://www.w3.org/1999/xhtml" xml:lang="en" lang="en">
 <head>
  <title>
</title>
<meta http-equiv="Content-Type" content="text/html;charset=utf-8" />
  <meta name='ocr-system' content='tesseract 3.04.00' />
  <meta name='ocr-capabilities' content='ocr_page ocr_carea ocr_par ocr_line ocrx_word'/>
</head>
<body>
  <div class='ocr_page' id='page_1' title='image "./mtulliiciceroni00mlgoog_0025.png"; bbox 0 0 2346 3876; ppageno 0'>
   <div class='ocr_carea' id='block_1_1' title="bbox 108 176 805 233">
    <p class='ocr_par' dir='ltr' id='par_1_1' title="bbox 108 176 805 233">
     <span class='ocr_line' id='line_1_1' title="bbox 108 176 805 233; baseline 0.003 -3"><span class='ocrx_word' id='word_1_1' title='bbox 108 177 162 232; x_wconf 83' lang='lat' dir='ltr'>XX</span> <span class='ocrx_word' id='word_1_2' title='bbox 423 176 634 233; x_wconf 86' lang='lat' dir='ltr'><strong>ADNOTATIO</strong></span> <span class='ocrx_word' id='word_1_3' title='bbox 654 177 805 232; x_wconf 84' lang='lat' dir='ltr'>CBITICA.</span> 
     </span>
    </p>
   </div>
   <div class='ocr_carea' id='block_1_2' title="bbox 104 334 1122 3294">
    <p class='ocr_par' dir='ltr' id='par_1_2' title="bbox 104 334 1122 3294">
     <span class='ocr_line' id='line_1_2' title="bbox 107 334 1119 403; baseline -0.001 -14"><span class='ocrx_word' id='word_1_4' title='bbox 107 336 231 390; x_wconf 76' lang='lat' dir='ltr'>maxima</span> <span class='ocrx_word' id='word_1_5' title='bbox 247 336 280 389; x_wconf 82' lang='lat' dir='ltr'>ia</span> <span class='ocrx_word' id='word_1_6' title='bbox 296 336 348 389; x_wconf 83' lang='lat' dir='ltr'>eoi.</span> <span class='ocrx_word' id='word_1_7' title='bbox 363 336 423 390; x_wconf 90' lang='lat' dir='ltr'>cod.</span> <span class='ocrx_word' id='word_1_8' title='bbox 438 335 476 403; x_wconf 87' lang='lat' dir='ltr'>A,</span> <span class='ocrx_word' id='word_1_9' title='bbox 495 335 576 402; x_wconf 78' lang='lat' dir='ltr'>B&#39;ait,</span> <span class='ocrx_word' id='word_1_10' title='bbox 594 337 627 390; x_wconf 81' lang='lat' dir='ltr'>ia</span> <span class='ocrx_word' id='word_1_11' title='bbox 643 353 716 390; x_wconf 80' lang='lat' dir='ltr'>mcc.</span> <span class='ocrx_word' id='word_1_12' title='bbox 731 336 782 389; x_wconf 86' lang='lat' dir='ltr'>coi.</span> <span class='ocrx_word' id='word_1_13' title='bbox 799 335 834 403; x_wconf 94' lang='grc' dir='ltr'>Β,</span> <span class='ocrx_word' id='word_1_14' title='bbox 853 334 947 389; x_wconf 86' lang='lat' dir='ltr'>Madv.</span> <span class='ocrx_word' id='word_1_15' title='bbox 963 364 996 373; x_wconf 90' lang='lat'>—</span> <span class='ocrx_word' id='word_1_16' title='bbox 1010 334 1040 387; x_wconf 93' lang='lat' dir='ltr'>P.</span> <span class='ocrx_word' id='word_1_17' title='bbox 1057 339 1119 388; x_wconf 85' lang='lat'>166.</span> 
     </span>
     <span class='ocr_line' id='line_1_3' title="bbox 108 403 1120 474; baseline -0.003 -15"><span class='ocrx_word' id='word_1_18' title='bbox 108 413 142 460; x_wconf 87' lang='grc'>33</span> <span class='ocrx_word' id='word_1_19' title='bbox 160 407 217 461; x_wconf 80' lang='lat' dir='ltr'>sict</span> <span class='ocrx_word' id='word_1_20' title='bbox 235 405 327 473; x_wconf 87' lang='lat' dir='ltr'>codd,</span> <span class='ocrx_word' id='word_1_21' title='bbox 351 412 415 460; x_wconf 82' lang='lat' dir='ltr'>suut</span> <span class='ocrx_word' id='word_1_22' title='bbox 432 407 508 472; x_wconf 72' lang='lat' dir='ltr'>edd,</span> <span class='ocrx_word' id='word_1_23' title='bbox 530 408 564 459; x_wconf 91' lang='lat' dir='ltr'>ut</span> <span class='ocrx_word' id='word_1_24' title='bbox 581 407 749 474; x_wconf 75' lang='lat' dir='ltr'><strong>respondeat</strong></span> <span class='ocrx_word' id='word_1_25' title='bbox 767 405 806 472; x_wconf 93' lang='lat' dir='ltr'>ei,</span> <span class='ocrx_word' id='word_1_26' title='bbox 830 405 906 472; x_wconf 91' lang='lat' dir='ltr'>quod</span> <span class='ocrx_word' id='word_1_27' title='bbox 928 403 1073 473; x_wconf 89' lang='lat' dir='ltr'>praecedit</span> <span class='ocrx_word' id='word_1_28' title='bbox 1091 421 1120 457; x_wconf 89' lang='lat' dir='ltr'>v.</span> 
     </span>
     <span class='ocr_line' id='line_1_4' title="bbox 108 473 1121 546; baseline -0.003 -17"><span class='ocrx_word' id='word_1_29' title='bbox 108 477 344 542; x_wconf 71' lang='lat' dir='ltr'>scrisperat,</span> <span class='ocrx_word' id='word_1_30' title='bbox 363 492 428 530; x_wconf 88' lang='lat' dir='ltr'>sane</span> <span class='ocrx_word' id='word_1_31' title='bbox 447 476 644 546; x_wconf 78' lang='lat' dir='ltr'>probabiliter,</span> <span class='ocrx_word' id='word_1_32' title='bbox 666 492 724 530; x_wconf 90' lang='lat' dir='ltr'>non</span> <span class='ocrx_word' id='word_1_33' title='bbox 741 475 912 541; x_wconf 89' lang='lat' dir='ltr'>necessario,</span> <span class='ocrx_word' id='word_1_34' title='bbox 934 478 967 527; x_wconf 91' lang='lat' dir='ltr'>ut</span> <span class='ocrx_word' id='word_1_35' title='bbox 989 473 1059 527; x_wconf 91' lang='lat' dir='ltr'>mihi</span> <span class='ocrx_word' id='word_1_36' title='bbox 1077 473 1121 527; x_wconf 91' lang='lat' dir='ltr'>vi-</span> 
     </span>
     <span class='ocr_line' id='line_1_5' title="bbox 109 545 1121 616; baseline -0.001 -17"><span class='ocrx_word' id='word_1_37' title='bbox 109 546 197 600; x_wconf 87' lang='lat' dir='ltr'>detur.</span> <span class='ocrx_word' id='word_1_38' title='bbox 244 547 342 601; x_wconf 88' lang='lat' dir='ltr'>Potest</span> <span class='ocrx_word' id='word_1_39' title='bbox 368 547 442 601; x_wconf 89' lang='lat' dir='ltr'>enim</span> <span class='ocrx_word' id='word_1_40' title='bbox 470 547 567 600; x_wconf 81' lang='lat' dir='ltr'>Cicero</span> <span class='ocrx_word' id='word_1_41' title='bbox 594 546 716 602; x_wconf 87' lang='lat' dir='ltr'>voluisse</span> <span class='ocrx_word' id='word_1_42' title='bbox 744 546 916 616; x_wconf 77' lang='lat' dir='ltr'>distinguere</span> <span class='ocrx_word' id='word_1_43' title='bbox 944 545 1025 598; x_wconf 89' lang='lat' dir='ltr'>illam</span> <span class='ocrx_word' id='word_1_44' title='bbox 1053 561 1121 598; x_wconf 91' lang='lat' dir='ltr'>con·</span> 
     </span>
     <span class='ocr_line' id='line_1_6' title="bbox 109 615 1121 686; baseline 0 -17"><span class='ocrx_word' id='word_1_45' title='bbox 109 616 247 671; x_wconf 87' lang='lat' dir='ltr'>dicionem</span> <span class='ocrx_word' id='word_1_46' title='bbox 260 619 404 686; x_wconf 88' lang='lat' dir='ltr'>tamquam</span> <span class='ocrx_word' id='word_1_47' title='bbox 419 619 525 671; x_wconf 86' lang='lat' dir='ltr'>certam</span> <span class='ocrx_word' id='word_1_48' title='bbox 538 633 598 670; x_wconf 88' lang='lat' dir='ltr'>rem</span> <span class='ocrx_word' id='word_1_49' title='bbox 615 620 660 681; x_wconf 83' lang='lat' dir='ltr'>(at</span> <span class='ocrx_word' id='word_1_50' title='bbox 676 633 724 671; x_wconf 82' lang='lat' dir='ltr'>eos</span> <span class='ocrx_word' id='word_1_51' title='bbox 736 619 818 671; x_wconf 86' lang='lat' dir='ltr'>etiam</span> <span class='ocrx_word' id='word_1_52' title='bbox 831 617 953 686; x_wconf 83' lang='lat' dir='ltr'>putatis)</span> <span class='ocrx_word' id='word_1_53' title='bbox 969 615 1003 668; x_wconf 90' lang='lat' dir='ltr'>ab</span> <span class='ocrx_word' id='word_1_54' title='bbox 1019 616 1121 681; x_wconf 88' lang='lat' dir='ltr'>altera,</span> 
     </span>
     <span class='ocr_line' id='line_1_7' title="bbox 108 685 1121 756; baseline -0.002 -16"><span class='ocrx_word' id='word_1_55' title='bbox 108 703 164 756; x_wconf 83' lang='lat' dir='ltr'>qua</span> <span class='ocrx_word' id='word_1_56' title='bbox 185 689 312 740; x_wconf 89' lang='lat' dir='ltr'>uteretur</span> <span class='ocrx_word' id='word_1_57' title='bbox 334 687 371 740; x_wconf 89' lang='lat' dir='ltr'>ad</span> <span class='ocrx_word' id='word_1_58' title='bbox 394 690 590 756; x_wconf 77' lang='lat' dir='ltr'>argumentum</span> <span class='ocrx_word' id='word_1_59' title='bbox 615 687 836 741; x_wconf 90' lang='lat' dir='ltr'>concludendum</span> <span class='ocrx_word' id='word_1_60' title='bbox 858 687 935 740; x_wconf 88' lang='lat' dir='ltr'>nullo</span> <span class='ocrx_word' id='word_1_61' title='bbox 959 702 1010 739; x_wconf 87' lang='lat' dir='ltr'>suo</span> <span class='ocrx_word' id='word_1_62' title='bbox 1033 685 1121 739; x_wconf 89' lang='lat' dir='ltr'>inter-</span> 
     </span>
     <span class='ocr_line' id='line_1_8' title="bbox 108 756 1121 826; baseline -0.002 -14"><span class='ocrx_word' id='word_1_63' title='bbox 108 756 200 826; x_wconf 90' lang='lat' dir='ltr'>posito</span> <span class='ocrx_word' id='word_1_64' title='bbox 218 757 331 812; x_wconf 90' lang='lat' dir='ltr'>iudicio.</span> <span class='ocrx_word' id='word_1_65' title='bbox 360 756 400 811; x_wconf 80' lang='lat' dir='ltr'>Of.</span> <span class='ocrx_word' id='word_1_66' title='bbox 415 757 493 826; x_wconf 86' lang='lat' dir='ltr'>adp.</span> <span class='ocrx_word' id='word_1_67' title='bbox 509 764 532 812; x_wconf 95' lang='lat'>7.</span> <span class='ocrx_word' id='word_1_68' title='bbox 549 764 590 812; x_wconf 80' lang='lat'>13.</span> <span class='ocrx_word' id='word_1_69' title='bbox 606 788 639 797; x_wconf 87' lang='lat'>-</span> <span class='ocrx_word' id='word_1_70' title='bbox 653 758 683 812; x_wconf 92' lang='lat' dir='ltr'>P.</span> <span class='ocrx_word' id='word_1_71' title='bbox 700 764 759 811; x_wconf 90' lang='grc'>167.</span> <span class='ocrx_word' id='word_1_72' title='bbox 774 764 790 811; x_wconf 99' lang='grc'>6</span> <span class='ocrx_word' id='word_1_73' title='bbox 804 757 890 810; x_wconf 85' lang='lat' dir='ltr'>Hwac</span> <span class='ocrx_word' id='word_1_74' title='bbox 908 773 994 810; x_wconf 81' lang='lat' dir='ltr'>arram</span> <span class='ocrx_word' id='word_1_75' title='bbox 1014 757 1121 822; x_wconf 74' lang='lat' dir='ltr'>Madv,</span> 
     </span>
     <span class='ocr_line' id='line_1_9' title="bbox 107 826 1120 895; baseline 0 -14"><span class='ocrx_word' id='word_1_76' title='bbox 107 844 163 882; x_wconf 81' lang='lat' dir='ltr'>uuo</span> <span class='ocrx_word' id='word_1_77' title='bbox 177 845 238 883; x_wconf 82' lang='lat' dir='ltr'>cam</span> <span class='ocrx_word' id='word_1_78' title='bbox 257 828 352 895; x_wconf 82' lang='lat' dir='ltr'>codd,</span> <span class='ocrx_word' id='word_1_79' title='bbox 382 826 473 882; x_wconf 77' lang='lat' dir='ltr'>Unam</span> <span class='ocrx_word' id='word_1_80' title='bbox 489 828 562 882; x_wconf 78' lang='lat' dir='ltr'>tuac</span> <span class='ocrx_word' id='word_1_81' title='bbox 580 827 639 894; x_wconf 76' lang='lat' dir='ltr'>On,</span> <span class='ocrx_word' id='word_1_82' title='bbox 662 827 735 882; x_wconf 91' lang='lat' dir='ltr'>Bait.</span> <span class='ocrx_word' id='word_1_83' title='bbox 755 858 788 866; x_wconf 94' lang='lat'><em>-</em></span> <span class='ocrx_word' id='word_1_84' title='bbox 806 828 837 881; x_wconf 90' lang='lat' dir='ltr'>P.</span> <span class='ocrx_word' id='word_1_85' title='bbox 854 833 910 882; x_wconf 87' lang='grc'>167.</span> <span class='ocrx_word' id='word_1_86' title='bbox 932 833 948 880; x_wconf 85' lang='grc'>9</span> <span class='ocrx_word' id='word_1_87' title='bbox 967 828 1054 892; x_wconf 81' lang='lat' dir='ltr'>fuisse</span> <span class='ocrx_word' id='word_1_88' title='bbox 1067 843 1120 895; x_wconf 90' lang='lat' dir='ltr'>po-</span> 
     </span>
     <span class='ocr_line' id='line_1_10' title="bbox 104 896 1122 967; baseline -0.002 -14"><span class='ocrx_word' id='word_1_89' title='bbox 104 900 169 967; x_wconf 80' lang='lat' dir='ltr'>puli</span> <span class='ocrx_word' id='word_1_90' title='bbox 201 899 261 953; x_wconf 90' lang='lat' dir='ltr'>cod.</span> <span class='ocrx_word' id='word_1_91' title='bbox 288 898 326 964; x_wconf 90' lang='lat' dir='ltr'>A,</span> <span class='ocrx_word' id='word_1_92' title='bbox 353 897 439 964; x_wconf 82' lang='lat' dir='ltr'>Bait,</span> <span class='ocrx_word' id='word_1_93' title='bbox 463 899 563 967; x_wconf 84' lang='lat' dir='ltr'>popuii</span> <span class='ocrx_word' id='word_1_94' title='bbox 588 899 674 964; x_wconf 69' lang='lat' dir='ltr'>fuisse</span> <span class='ocrx_word' id='word_1_95' title='bbox 700 898 736 966; x_wconf 92' lang='lat' dir='ltr'>B,</span> <span class='ocrx_word' id='word_1_96' title='bbox 767 896 860 953; x_wconf 89' lang='lat' dir='ltr'>Madv.</span> <span class='ocrx_word' id='word_1_97' title='bbox 884 928 917 937; x_wconf 85' lang='lat'>—</span> <span class='ocrx_word' id='word_1_98' title='bbox 944 896 976 951; x_wconf 93' lang='lat' dir='ltr'>P.</span> <span class='ocrx_word' id='word_1_99' title='bbox 1003 904 1061 952; x_wconf 87' lang='lat'>167.</span> <span class='ocrx_word' id='word_1_100' title='bbox 1087 903 1122 951; x_wconf 87' lang='lat'>35</span> 
     </span>
     <span class='ocr_line' id='line_1_11' title="bbox 107 967 1121 1038; baseline -0.002 -16"><span class='ocrx_word' id='word_1_101' title='bbox 107 968 288 1038; x_wconf 69' lang='lat' dir='ltr'>[eucarpus]</span> <span class='ocrx_word' id='word_1_102' title='bbox 306 968 389 1035; x_wconf 77' lang='lat' dir='ltr'>Dav,</span> <span class='ocrx_word' id='word_1_103' title='bbox 412 967 484 1022; x_wconf 83' lang='lat' dir='ltr'>Bait.</span> <span class='ocrx_word' id='word_1_104' title='bbox 507 969 550 1022; x_wconf 91' lang='lat' dir='ltr'>cd.</span> <span class='ocrx_word' id='word_1_105' title='bbox 574 969 608 1022; x_wconf 90' lang='lat' dir='ltr'>H.</span> <span class='ocrx_word' id='word_1_106' title='bbox 631 998 665 1009; x_wconf 91' lang='lat'>-</span> <span class='ocrx_word' id='word_1_107' title='bbox 688 969 718 1022; x_wconf 90' lang='lat' dir='ltr'>P.</span> <span class='ocrx_word' id='word_1_108' title='bbox 745 974 803 1022; x_wconf 85' lang='lat'>167.</span> <span class='ocrx_word' id='word_1_109' title='bbox 827 974 862 1023; x_wconf 87' lang='grc'>36</span> <span class='ocrx_word' id='word_1_110' title='bbox 884 968 1020 1023; x_wconf 79' lang='lat' dir='ltr'>Elicerem</span> <span class='ocrx_word' id='word_1_111' title='bbox 1048 968 1121 1021; x_wconf 89' lang='lat' dir='ltr'>coni.</span> 
     </span>
     <span class='ocr_line' id='line_1_12' title="bbox 109 1038 1121 1108; baseline 0 -16"><span class='ocrx_word' id='word_1_112' title='bbox 109 1039 218 1094; x_wconf 85' lang='lat' dir='ltr'>Gruter.</span> <span class='ocrx_word' id='word_1_113' title='bbox 250 1040 281 1092; x_wconf 89' lang='lat' dir='ltr'>et</span> <span class='ocrx_word' id='word_1_114' title='bbox 310 1039 401 1105; x_wconf 84' lang='lat' dir='ltr'>Bait,</span> <span class='ocrx_word' id='word_1_115' title='bbox 434 1038 528 1108; x_wconf 80' lang='lat' dir='ltr'>scripu.</span> <span class='ocrx_word' id='word_1_116' title='bbox 561 1038 671 1108; x_wconf 74' lang='lat' dir='ltr'>Madv,</span> <span class='ocrx_word' id='word_1_117' title='bbox 708 1038 846 1107; x_wconf 82' lang='lat' dir='ltr'>Eliperem</span> <span class='ocrx_word' id='word_1_118' title='bbox 874 1038 973 1101; x_wconf 82' lang='lat' dir='ltr'>codd,</span> <span class='ocrx_word' id='word_1_119' title='bbox 1000 1038 1121 1092; x_wconf 87' lang='lat' dir='ltr'>fortasse</span> 
     </span>
     <span class='ocr_line' id='line_1_13' title="bbox 107 1107 1122 1179; baseline -0.002 -16"><span class='ocrx_word' id='word_1_120' title='bbox 107 1110 183 1164; x_wconf 84' lang='lat' dir='ltr'>recte</span> <span class='ocrx_word' id='word_1_121' title='bbox 207 1111 243 1178; x_wconf 85' lang='lat' dir='ltr'>(v.</span> <span class='ocrx_word' id='word_1_122' title='bbox 267 1109 350 1178; x_wconf 87' lang='lat' dir='ltr'>adp.</span> <span class='ocrx_word' id='word_1_123' title='bbox 369 1113 502 1177; x_wconf 83' lang='lat' dir='ltr'>389.1c),</span> <span class='ocrx_word' id='word_1_124' title='bbox 521 1109 668 1179; x_wconf 69' lang='lat' dir='ltr'>Eripeeem</span> <span class='ocrx_word' id='word_1_125' title='bbox 685 1109 776 1178; x_wconf 80' lang='lat' dir='ltr'>vulg,</span> <span class='ocrx_word' id='word_1_126' title='bbox 798 1107 871 1163; x_wconf 89' lang='lat' dir='ltr'>Bait.</span> <span class='ocrx_word' id='word_1_127' title='bbox 895 1139 929 1148; x_wconf 89' lang='lat'>-</span> <span class='ocrx_word' id='word_1_128' title='bbox 949 1108 980 1163; x_wconf 93' lang='lat' dir='ltr'>P.</span> <span class='ocrx_word' id='word_1_129' title='bbox 1002 1115 1060 1163; x_wconf 91' lang='lat'>171.</span> <span class='ocrx_word' id='word_1_130' title='bbox 1088 1116 1122 1162; x_wconf 83' lang='lat'>14</span> 
     </span>
     <span class='ocr_line' id='line_1_14' title="bbox 108 1178 1121 1249; baseline -0.002 -15"><span class='ocrx_word' id='word_1_131' title='bbox 108 1185 212 1247; x_wconf 85' lang='lat' dir='ltr'>oportet</span> <span class='ocrx_word' id='word_1_132' title='bbox 238 1178 350 1249; x_wconf 80' lang='lat' dir='ltr'>scripsi,</span> <span class='ocrx_word' id='word_1_133' title='bbox 377 1185 410 1234; x_wconf 79' lang='lat' dir='ltr'>ut</span> <span class='ocrx_word' id='word_1_134' title='bbox 436 1180 530 1247; x_wconf 82' lang='lat' dir='ltr'>codd,</span> <span class='ocrx_word' id='word_1_135' title='bbox 559 1181 634 1247; x_wconf 90' lang='lat' dir='ltr'>quod</span> <span class='ocrx_word' id='word_1_136' title='bbox 660 1179 739 1233; x_wconf 87' lang='lat' dir='ltr'>uncis</span> <span class='ocrx_word' id='word_1_137' title='bbox 771 1179 989 1248; x_wconf 86' lang='lat' dir='ltr'>circumscripsit</span> <span class='ocrx_word' id='word_1_138' title='bbox 1015 1179 1121 1246; x_wconf 79' lang='lat' dir='ltr'>Madv,</span> 
     </span>
     <span class='ocr_line' id='line_1_15' title="bbox 108 1249 1121 1320; baseline -0.001 -16"><span class='ocrx_word' id='word_1_139' title='bbox 108 1250 214 1304; x_wconf 91' lang='lat' dir='ltr'>delevit</span> <span class='ocrx_word' id='word_1_140' title='bbox 240 1249 343 1304; x_wconf 89' lang='lat' dir='ltr'>Baiter.</span> <span class='ocrx_word' id='word_1_141' title='bbox 389 1249 534 1304; x_wconf 86' lang='lat' dir='ltr'>Assentior</span> <span class='ocrx_word' id='word_1_142' title='bbox 560 1249 704 1320; x_wconf 89' lang='lat' dir='ltr'>Madvigio</span> <span class='ocrx_word' id='word_1_143' title='bbox 731 1267 788 1304; x_wconf 90' lang='lat' dir='ltr'>non</span> <span class='ocrx_word' id='word_1_144' title='bbox 810 1249 912 1303; x_wconf 88' lang='lat' dir='ltr'>ferenti</span> <span class='ocrx_word' id='word_1_145' title='bbox 938 1266 991 1303; x_wconf 90' lang='lat' dir='ltr'>neo</span> <span class='ocrx_word' id='word_1_146' title='bbox 1013 1256 1045 1303; x_wconf 83' lang='lat' dir='ltr'>ut</span> <span class='ocrx_word' id='word_1_147' title='bbox 1067 1267 1121 1303; x_wconf 87' lang='lat' dir='ltr'>nec</span> 
     </span>
     <span class='ocr_line' id='line_1_16' title="bbox 107 1320 1120 1389; baseline 0 -15"><span class='ocrx_word' id='word_1_148' title='bbox 107 1321 214 1374; x_wconf 87' lang='lat' dir='ltr'>nudum</span> <span class='ocrx_word' id='word_1_149' title='bbox 242 1320 462 1388; x_wconf 77' lang='lat' dir='ltr'>coniunctium,</span> <span class='ocrx_word' id='word_1_150' title='bbox 493 1337 583 1389; x_wconf 90' lang='lat' dir='ltr'>neque</span> <span class='ocrx_word' id='word_1_151' title='bbox 610 1336 677 1374; x_wconf 88' lang='lat' dir='ltr'>vero</span> <span class='ocrx_word' id='word_1_152' title='bbox 704 1321 794 1389; x_wconf 89' lang='lat' dir='ltr'>probo</span> <span class='ocrx_word' id='word_1_153' title='bbox 824 1320 949 1375; x_wconf 89' lang='lat' dir='ltr'>eiusdem</span> <span class='ocrx_word' id='word_1_154' title='bbox 977 1320 1120 1374; x_wconf 87' lang='lat' dir='ltr'>coniectu-</span> 
     </span>
     <span class='ocr_line' id='line_1_17' title="bbox 107 1391 1121 1460; baseline 0.001 -16"><span class='ocrx_word' id='word_1_155' title='bbox 107 1407 168 1444; x_wconf 91' lang='lat' dir='ltr'>ram</span> <span class='ocrx_word' id='word_1_156' title='bbox 185 1391 357 1460; x_wconf 79' lang='lat' dir='ltr'>probaturus</span> <span class='ocrx_word' id='word_1_157' title='bbox 378 1407 438 1445; x_wconf 83' lang='lat' dir='ltr'>eum</span> <span class='ocrx_word' id='word_1_158' title='bbox 457 1392 591 1460; x_wconf 89' lang='lat' dir='ltr'>(debebat</span> <span class='ocrx_word' id='word_1_159' title='bbox 607 1391 654 1445; x_wconf 89' lang='lat' dir='ltr'>vel</span> <span class='ocrx_word' id='word_1_160' title='bbox 672 1391 760 1459; x_wconf 86' lang='lat' dir='ltr'>probo</span> <span class='ocrx_word' id='word_1_161' title='bbox 782 1391 830 1445; x_wconf 92' lang='lat' dir='ltr'>vel</span> <span class='ocrx_word' id='word_1_162' title='bbox 844 1392 967 1460; x_wconf 83' lang='lat' dir='ltr'>probabo</span> <span class='ocrx_word' id='word_1_163' title='bbox 992 1391 1039 1445; x_wconf 92' lang='lat' dir='ltr'>vel</span> <span class='ocrx_word' id='word_1_164' title='bbox 1052 1408 1121 1458; x_wconf 86' lang='lat' dir='ltr'>pro-</span> 
     </span>
     <span class='ocr_line' id='line_1_18' title="bbox 108 1455 1120 1531; baseline -0.002 -15"><span class='ocrx_word' id='word_1_165' title='bbox 108 1463 173 1516; x_wconf 83' lang='lat' dir='ltr'>bare</span> <span class='ocrx_word' id='word_1_166' title='bbox 189 1463 250 1517; x_wconf 84' lang='lat' dir='ltr'>eolo</span> <span class='ocrx_word' id='word_1_167' title='bbox 268 1462 319 1515; x_wconf 89' lang='lat' dir='ltr'>aut</span> <span class='ocrx_word' id='word_1_168' title='bbox 336 1462 412 1527; x_wconf 81' lang='lat' dir='ltr'>tibet3</span> <span class='ocrx_word' id='word_1_169' title='bbox 430 1461 501 1516; x_wconf 91' lang='lat' dir='ltr'>illud</span> <span class='ocrx_word' id='word_1_170' title='bbox 520 1463 564 1516; x_wconf 89' lang='lat' dir='ltr'>est</span> <span class='ocrx_word' id='word_1_171' title='bbox 582 1459 670 1531; x_wconf 73' lang='lat' dir='ltr'>pitia</span> <span class='ocrx_word' id='word_1_172' title='bbox 685 1455 899 1531; x_wconf 72' lang='grc' dir='ltr'><strong>ἀποδέχεσθαι).</strong></span> <span class='ocrx_word' id='word_1_173' title='bbox 915 1492 948 1500; x_wconf 93' lang='grc'>-</span> <span class='ocrx_word' id='word_1_174' title='bbox 962 1460 993 1515; x_wconf 92' lang='lat' dir='ltr'>P.</span> <span class='ocrx_word' id='word_1_175' title='bbox 1009 1467 1069 1515; x_wconf 92' lang='lat'>171.</span> <span class='ocrx_word' id='word_1_176' title='bbox 1085 1468 1120 1515; x_wconf 92' lang='lat'>15</span> 
     </span>
     <span class='ocr_line' id='line_1_19' title="bbox 105 1530 1121 1601; baseline -0.002 -15"><span class='ocrx_word' id='word_1_177' title='bbox 105 1534 202 1600; x_wconf 83' lang='lat' dir='ltr'>possit</span> <span class='ocrx_word' id='word_1_178' title='bbox 219 1531 280 1586; x_wconf 92' lang='lat' dir='ltr'>cod.</span> <span class='ocrx_word' id='word_1_179' title='bbox 300 1530 336 1598; x_wconf 91' lang='lat' dir='ltr'>B,</span> <span class='ocrx_word' id='word_1_180' title='bbox 350 1538 451 1600; x_wconf 84' lang='lat' dir='ltr'>posset</span> <span class='ocrx_word' id='word_1_181' title='bbox 467 1532 492 1584; x_wconf 83' lang='lat' dir='ltr'>A</span> <span class='ocrx_word' id='word_1_182' title='bbox 511 1533 540 1588; x_wconf 89' lang='lat' dir='ltr'>et</span> <span class='ocrx_word' id='word_1_183' title='bbox 557 1532 580 1586; x_wconf 84' lang='grc' dir='ltr'>Ε</span> <span class='ocrx_word' id='word_1_184' title='bbox 599 1535 636 1599; x_wconf 88' lang='lat' dir='ltr'>(v.</span> <span class='ocrx_word' id='word_1_185' title='bbox 650 1531 687 1586; x_wconf 94' lang='lat' dir='ltr'>ad</span> <span class='ocrx_word' id='word_1_186' title='bbox 704 1549 732 1600; x_wconf 86' lang='lat' dir='ltr'>p.</span> <span class='ocrx_word' id='word_1_187' title='bbox 748 1537 790 1586; x_wconf 77' lang='lat'>52.</span> <span class='ocrx_word' id='word_1_188' title='bbox 805 1534 863 1601; x_wconf 77' lang='lat'>15),</span> <span class='ocrx_word' id='word_1_189' title='bbox 878 1536 968 1601; x_wconf 84' lang='lat' dir='ltr'>potest</span> <span class='ocrx_word' id='word_1_190' title='bbox 986 1549 1050 1585; x_wconf 90' lang='lat' dir='ltr'>cum</span> <span class='ocrx_word' id='word_1_191' title='bbox 1068 1532 1121 1586; x_wconf 86' lang='lat' dir='ltr'>aiii</span> 
     </span>
     <span class='ocr_line' id='line_1_20' title="bbox 107 1602 1120 1670; baseline 0.002 -16"><span class='ocrx_word' id='word_1_192' title='bbox 107 1603 168 1655; x_wconf 92' lang='lat' dir='ltr'>tum</span> <span class='ocrx_word' id='word_1_193' title='bbox 191 1602 285 1657; x_wconf 85' lang='lat' dir='ltr'>Madv.</span> <span class='ocrx_word' id='word_1_194' title='bbox 308 1604 339 1656; x_wconf 91' lang='lat' dir='ltr'>et</span> <span class='ocrx_word' id='word_1_195' title='bbox 359 1602 477 1670; x_wconf 86' lang='lat' dir='ltr'>Baiter.;</span> <span class='ocrx_word' id='word_1_196' title='bbox 503 1603 646 1657; x_wconf 81' lang='lat' dir='ltr'>‘absolute</span> <span class='ocrx_word' id='word_1_197' title='bbox 670 1602 745 1656; x_wconf 90' lang='lat' dir='ltr'>enim</span> <span class='ocrx_word' id='word_1_198' title='bbox 766 1602 821 1656; x_wconf 91' lang='lat' dir='ltr'>boc</span> <span class='ocrx_word' id='word_1_199' title='bbox 845 1619 908 1655; x_wconf 90' lang='lat' dir='ltr'>cum</span> <span class='ocrx_word' id='word_1_200' title='bbox 930 1602 1120 1656; x_wconf 82' lang='lat' dir='ltr'>affirmatione</span> 
     </span>
     <span class='ocr_line' id='line_1_21' title="bbox 108 1671 1121 1743; baseline 0 -17"><span class='ocrx_word' id='word_1_201' title='bbox 108 1673 236 1743; x_wconf 81' lang='lat' dir='ltr'>adiungi;</span> <span class='ocrx_word' id='word_1_202' title='bbox 250 1689 302 1727; x_wconf 91' lang='lat' dir='ltr'>nec</span> <span class='ocrx_word' id='word_1_203' title='bbox 315 1673 410 1726; x_wconf 88' lang='lat' dir='ltr'>locum</span> <span class='ocrx_word' id='word_1_204' title='bbox 417 1674 521 1728; x_wconf 85' lang='lat' dir='ltr'>habere</span> <span class='ocrx_word' id='word_1_205' title='bbox 530 1673 667 1727; x_wconf 89' lang='lat' dir='ltr'>latentem</span> <span class='ocrx_word' id='word_1_206' title='bbox 675 1671 756 1726; x_wconf 91' lang='lat' dir='ltr'>illam</span> <span class='ocrx_word' id='word_1_207' title='bbox 764 1689 866 1726; x_wconf 90' lang='lat' dir='ltr'>causae</span> <span class='ocrx_word' id='word_1_208' title='bbox 876 1673 1121 1742; x_wconf 89' lang='lat' dir='ltr'>significationem,</span> 
     </span>
     <span class='ocr_line' id='line_1_22' title="bbox 108 1742 1121 1812; baseline -0.001 -15"><span class='ocrx_word' id='word_1_209' title='bbox 108 1760 180 1812; x_wconf 87' lang='lat' dir='ltr'>quae</span> <span class='ocrx_word' id='word_1_210' title='bbox 199 1744 237 1797; x_wconf 93' lang='lat' dir='ltr'>sit</span> <span class='ocrx_word' id='word_1_211' title='bbox 253 1743 284 1796; x_wconf 89' lang='lat' dir='ltr'>in</span> <span class='ocrx_word' id='word_1_212' title='bbox 302 1743 479 1798; x_wconf 88' lang='lat' dir='ltr'>coniunctivo</span> <span class='ocrx_word' id='word_1_213' title='bbox 502 1743 585 1796; x_wconf 92' lang='lat' dir='ltr'>modo</span> <span class='ocrx_word' id='word_1_214' title='bbox 604 1742 762 1811; x_wconf 88' lang='lat' dir='ltr'>pronomini</span> <span class='ocrx_word' id='word_1_215' title='bbox 788 1743 935 1797; x_wconf 69' lang='lat' dir='ltr'>subiecto!</span> <span class='ocrx_word' id='word_1_216' title='bbox 973 1743 1045 1796; x_wconf 89' lang='lat' dir='ltr'>Mihi</span> <span class='ocrx_word' id='word_1_217' title='bbox 1062 1760 1121 1797; x_wconf 92' lang='lat' dir='ltr'>non</span> 
     </span>
     <span class='ocr_line' id='line_1_23' title="bbox 107 1812 1120 1882; baseline 0 -16"><span class='ocrx_word' id='word_1_218' title='bbox 107 1814 198 1868; x_wconf 90' lang='lat' dir='ltr'>latere</span> <span class='ocrx_word' id='word_1_219' title='bbox 216 1813 329 1868; x_wconf 89' lang='lat' dir='ltr'>videtur</span> <span class='ocrx_word' id='word_1_220' title='bbox 348 1829 449 1867; x_wconf 90' lang='lat' dir='ltr'>causae</span> <span class='ocrx_word' id='word_1_221' title='bbox 473 1812 654 1882; x_wconf 85' lang='lat' dir='ltr'>significatio,</span> <span class='ocrx_word' id='word_1_222' title='bbox 677 1813 727 1866; x_wconf 90' lang='lat' dir='ltr'>sed</span> <span class='ocrx_word' id='word_1_223' title='bbox 749 1814 856 1881; x_wconf 88' lang='lat' dir='ltr'>patere.</span> <span class='ocrx_word' id='word_1_224' title='bbox 900 1813 954 1878; x_wconf 82' lang='lat' dir='ltr'>Qui</span> <span class='ocrx_word' id='word_1_225' title='bbox 970 1814 1059 1866; x_wconf 87' lang='lat' dir='ltr'>utitur</span> <span class='ocrx_word' id='word_1_226' title='bbox 1077 1814 1120 1867; x_wconf 91' lang='lat' dir='ltr'>in·</span> 
     </span>
     <span class='ocr_line' id='line_1_24' title="bbox 109 1883 1120 1953; baseline 0.001 -16"><span class='ocrx_word' id='word_1_227' title='bbox 109 1883 246 1952; x_wconf 89' lang='lat' dir='ltr'>dicativo,</span> <span class='ocrx_word' id='word_1_228' title='bbox 272 1884 327 1937; x_wconf 92' lang='lat' dir='ltr'>hoc</span> <span class='ocrx_word' id='word_1_229' title='bbox 350 1883 431 1952; x_wconf 85' lang='lat' dir='ltr'>quasi</span> <span class='ocrx_word' id='word_1_230' title='bbox 454 1885 532 1937; x_wconf 87' lang='lat' dir='ltr'>extra</span> <span class='ocrx_word' id='word_1_231' title='bbox 558 1883 648 1953; x_wconf 79' lang='lat' dir='ltr'>ipsam</span> <span class='ocrx_word' id='word_1_232' title='bbox 675 1883 948 1952; x_wconf 83' lang='lat' dir='ltr'>argumentationem</span> <span class='ocrx_word' id='word_1_233' title='bbox 976 1885 1120 1953; x_wconf 84' lang='lat' dir='ltr'>adiungit:</span> 
     </span>
     <span class='ocr_line' id='line_1_25' title="bbox 109 1953 1121 2024; baseline 0 -17"><span class='ocrx_word' id='word_1_234' title='bbox 109 1954 203 2023; x_wconf 77' lang='lat' dir='ltr'>(idque</span> <span class='ocrx_word' id='word_1_235' title='bbox 226 1970 277 2023; x_wconf 92' lang='lat' dir='ltr'>per</span> <span class='ocrx_word' id='word_1_236' title='bbox 299 1971 329 2008; x_wconf 91' lang='lat' dir='ltr'>se</span> <span class='ocrx_word' id='word_1_237' title='bbox 352 1954 495 2024; x_wconf 87' lang='lat' dir='ltr'>apparet,)</span> <span class='ocrx_word' id='word_1_238' title='bbox 519 1970 585 2007; x_wconf 90' lang='lat' dir='ltr'>nam</span> <span class='ocrx_word' id='word_1_239' title='bbox 606 1953 712 2007; x_wconf 89' lang='lat' dir='ltr'>virtute</span> <span class='ocrx_word' id='word_1_240' title='bbox 736 1953 808 2006; x_wconf 91' lang='lat' dir='ltr'>nihil</span> <span class='ocrx_word' id='word_1_241' title='bbox 834 1957 1013 2023; x_wconf 87' lang='lat' dir='ltr'>potestesse</span> <span class='ocrx_word' id='word_1_242' title='bbox 1038 1970 1121 2023; x_wconf 91' lang='lat' dir='ltr'>prae-</span> 
     </span>
     <span class='ocr_line' id='line_1_26' title="bbox 109 2022 1121 2094; baseline 0.002 -18"><span class='ocrx_word' id='word_1_243' title='bbox 109 2025 241 2092; x_wconf 65' lang='lat' dir='ltr'>stantium</span> <span class='ocrx_word' id='word_1_244' title='bbox 260 2024 438 2078; x_wconf 88' lang='lat' dir='ltr'>coniunctivo</span> <span class='ocrx_word' id='word_1_245' title='bbox 456 2025 510 2078; x_wconf 91' lang='lat' dir='ltr'>hoc</span> <span class='ocrx_word' id='word_1_246' title='bbox 529 2022 713 2094; x_wconf 83' lang='lat' dir='ltr'>significatur:</span> <span class='ocrx_word' id='word_1_247' title='bbox 737 2023 840 2093; x_wconf 91' lang='lat' dir='ltr'>quippe</span> <span class='ocrx_word' id='word_1_248' title='bbox 864 2024 941 2078; x_wconf 85' lang='lat' dir='ltr'>cuius</span> <span class='ocrx_word' id='word_1_249' title='bbox 965 2041 999 2078; x_wconf 88' lang='lat' dir='ltr'>ea</span> <span class='ocrx_word' id='word_1_250' title='bbox 1016 2027 1121 2079; x_wconf 88' lang='lat' dir='ltr'>natura</span> 
     </span>
     <span class='ocr_line' id='line_1_27' title="bbox 109 2093 1120 2164; baseline 0.001 -16"><span class='ocrx_word' id='word_1_251' title='bbox 109 2095 158 2163; x_wconf 89' lang='lat' dir='ltr'>sit,</span> <span class='ocrx_word' id='word_1_252' title='bbox 185 2111 240 2164; x_wconf 90' lang='lat' dir='ltr'>qua</span> <span class='ocrx_word' id='word_1_253' title='bbox 262 2095 334 2148; x_wconf 88' lang='lat' dir='ltr'>nihil</span> <span class='ocrx_word' id='word_1_254' title='bbox 357 2093 447 2163; x_wconf 85' lang='lat' dir='ltr'>possit</span> <span class='ocrx_word' id='word_1_255' title='bbox 464 2111 526 2149; x_wconf 87' lang='lat' dir='ltr'>esse</span> <span class='ocrx_word' id='word_1_256' title='bbox 549 2094 746 2163; x_wconf 85' lang='lat' dir='ltr'>praestantius.</span> <span class='ocrx_word' id='word_1_257' title='bbox 785 2095 816 2148; x_wconf 90' lang='lat' dir='ltr'>V.</span> <span class='ocrx_word' id='word_1_258' title='bbox 836 2094 872 2147; x_wconf 88' lang='lat' dir='ltr'>ad</span> <span class='ocrx_word' id='word_1_259' title='bbox 890 2113 917 2164; x_wconf 91' lang='lat' dir='ltr'>p.</span> <span class='ocrx_word' id='word_1_260' title='bbox 932 2100 975 2149; x_wconf 88' lang='lat'>53.</span> <span class='ocrx_word' id='word_1_261' title='bbox 991 2101 1015 2148; x_wconf 91' lang='grc'><strong>6.</strong></span> <span class='ocrx_word' id='word_1_262' title='bbox 1035 2126 1068 2134; x_wconf 93' lang='lat'>-</span> <span class='ocrx_word' id='word_1_263' title='bbox 1088 2095 1120 2149; x_wconf 94' lang='grc' dir='ltr'>Ρ.</span> 
     </span>
     <span class='ocr_line' id='line_1_28' title="bbox 111 2164 1119 2233; baseline -0.001 -13"><span class='ocrx_word' id='word_1_264' title='bbox 111 2172 169 2220; x_wconf 86' lang='grc'><strong>174.</strong></span> <span class='ocrx_word' id='word_1_265' title='bbox 190 2172 224 2219; x_wconf 88' lang='grc'>14</span> <span class='ocrx_word' id='word_1_266' title='bbox 245 2167 395 2220; x_wconf 81' lang='lat' dir='ltr'>uirtutibus</span> <span class='ocrx_word' id='word_1_267' title='bbox 417 2167 482 2233; x_wconf 90' lang='lat' dir='ltr'>post</span> <span class='ocrx_word' id='word_1_268' title='bbox 503 2166 629 2219; x_wconf 81' lang='lat' dir='ltr'>omuibus</span> <span class='ocrx_word' id='word_1_269' title='bbox 651 2165 714 2219; x_wconf 92' lang='lat' dir='ltr'>add.</span> <span class='ocrx_word' id='word_1_270' title='bbox 737 2164 810 2220; x_wconf 88' lang='lat' dir='ltr'>Bait.</span> <span class='ocrx_word' id='word_1_271' title='bbox 828 2165 858 2217; x_wconf 92' lang='lat' dir='ltr'>in</span> <span class='ocrx_word' id='word_1_272' title='bbox 882 2164 924 2219; x_wconf 92' lang='lat' dir='ltr'>ed.</span> <span class='ocrx_word' id='word_1_273' title='bbox 948 2164 1014 2219; x_wconf 91' lang='lat' dir='ltr'>min.</span> <span class='ocrx_word' id='word_1_274' title='bbox 1035 2197 1068 2204; x_wconf 94' lang='lat'><em>-</em></span> <span class='ocrx_word' id='word_1_275' title='bbox 1088 2166 1119 2220; x_wconf 95' lang='lat' dir='ltr'>P.</span> 
     </span>
     <span class='ocr_line' id='line_1_29' title="bbox 110 2234 1120 2303; baseline -0.002 -13"><span class='ocrx_word' id='word_1_276' title='bbox 110 2241 169 2292; x_wconf 92' lang='lat'>175.</span> <span class='ocrx_word' id='word_1_277' title='bbox 194 2241 226 2290; x_wconf 88' lang='lat'>15</span> <span class='ocrx_word' id='word_1_278' title='bbox 254 2237 343 2290; x_wconf 78' lang='lat' dir='ltr'>babet</span> <span class='ocrx_word' id='word_1_279' title='bbox 365 2235 445 2289; x_wconf 90' lang='lat' dir='ltr'>codd.</span> <span class='ocrx_word' id='word_1_280' title='bbox 469 2234 538 2303; x_wconf 87' lang='lat' dir='ltr'>det,</span> <span class='ocrx_word' id='word_1_281' title='bbox 565 2234 638 2289; x_wconf 89' lang='lat' dir='ltr'>Bait.</span> <span class='ocrx_word' id='word_1_282' title='bbox 664 2267 697 2274; x_wconf 95' lang='lat'>—</span> <span class='ocrx_word' id='word_1_283' title='bbox 722 2235 753 2288; x_wconf 93' lang='lat' dir='ltr'>P.</span> <span class='ocrx_word' id='word_1_284' title='bbox 774 2240 832 2289; x_wconf 89' lang='lat'>175.</span> <span class='ocrx_word' id='word_1_285' title='bbox 858 2241 890 2289; x_wconf 90' lang='grc'>19</span> <span class='ocrx_word' id='word_1_286' title='bbox 915 2237 1012 2303; x_wconf 82' lang='lat' dir='ltr'>afferre</span> <span class='ocrx_word' id='word_1_287' title='bbox 1034 2235 1120 2302; x_wconf 76' lang='lat' dir='ltr'>Man,</span> 
     </span>
     <span class='ocr_line' id='line_1_30' title="bbox 109 2304 1121 2374; baseline 0 -15"><span class='ocrx_word' id='word_1_288' title='bbox 109 2307 221 2374; x_wconf 83' lang='lat' dir='ltr'>Lamb,</span> <span class='ocrx_word' id='word_1_289' title='bbox 245 2307 306 2374; x_wconf 81' lang='lat' dir='ltr'>alh,</span> <span class='ocrx_word' id='word_1_290' title='bbox 329 2306 469 2373; x_wconf 76' lang='lat' dir='ltr'>affirmare</span> <span class='ocrx_word' id='word_1_291' title='bbox 486 2321 502 2358; x_wconf 91' lang='lat' dir='ltr'>e</span> <span class='ocrx_word' id='word_1_292' title='bbox 521 2306 601 2360; x_wconf 87' lang='lat' dir='ltr'>codd.</span> <span class='ocrx_word' id='word_1_293' title='bbox 620 2322 684 2358; x_wconf 89' lang='lat' dir='ltr'>cum</span> <span class='ocrx_word' id='word_1_294' title='bbox 703 2322 784 2359; x_wconf 90' lang='lat' dir='ltr'>cruce</span> <span class='ocrx_word' id='word_1_295' title='bbox 803 2304 910 2373; x_wconf 80' lang='lat' dir='ltr'>Madv,</span> <span class='ocrx_word' id='word_1_296' title='bbox 935 2304 1008 2358; x_wconf 85' lang='lat' dir='ltr'>Bait.</span> <span class='ocrx_word' id='word_1_297' title='bbox 1045 2306 1121 2359; x_wconf 90' lang='lat' dir='ltr'>Illud</span> 
     </span>
     <span class='ocr_line' id='line_1_31' title="bbox 109 2375 1121 2447; baseline 0 -17"><span class='ocrx_word' id='word_1_298' title='bbox 109 2377 184 2445; x_wconf 88' lang='lat' dir='ltr'>quod</span> <span class='ocrx_word' id='word_1_299' title='bbox 202 2378 352 2447; x_wconf 84' lang='lat' dir='ltr'>propterea</span> <span class='ocrx_word' id='word_1_300' title='bbox 369 2375 451 2429; x_wconf 87' lang='lat' dir='ltr'>reicit</span> <span class='ocrx_word' id='word_1_301' title='bbox 473 2376 580 2443; x_wconf 76' lang='lat' dir='ltr'>Mada,</span> <span class='ocrx_word' id='word_1_302' title='bbox 603 2375 679 2444; x_wconf 90' lang='lat' dir='ltr'>quod</span> <span class='ocrx_word' id='word_1_303' title='bbox 703 2376 790 2429; x_wconf 77' lang='lat' dir='ltr'>‘uitii</span> <span class='ocrx_word' id='word_1_304' title='bbox 811 2375 899 2444; x_wconf 87' lang='lat' dir='ltr'>priori</span> <span class='ocrx_word' id='word_1_305' title='bbox 921 2375 1007 2430; x_wconf 90' lang='lat' dir='ltr'>verbo</span> <span class='ocrx_word' id='word_1_306' title='bbox 1026 2378 1121 2441; x_wconf 82' lang='lat' dir='ltr'>(adiu-</span> 
     </span>
     <span class='ocr_line' id='line_1_32' title="bbox 109 2445 1120 2517; baseline -0.002 -16"><span class='ocrx_word' id='word_1_307' title='bbox 109 2453 184 2516; x_wconf 83' lang='lat' dir='ltr'>uare)</span> <span class='ocrx_word' id='word_1_308' title='bbox 201 2464 252 2517; x_wconf 85' lang='lat' dir='ltr'>pro</span> <span class='ocrx_word' id='word_1_309' title='bbox 272 2445 406 2500; x_wconf 89' lang='lat' dir='ltr'>adverbio</span> <span class='ocrx_word' id='word_1_310' title='bbox 425 2446 606 2516; x_wconf 88' lang='lat' dir='ltr'>adiungatur,</span> <span class='ocrx_word' id='word_1_311' title='bbox 626 2445 724 2499; x_wconf 87' lang='lat' dir='ltr'>alteri&#39;</span> <span class='ocrx_word' id='word_1_312' title='bbox 745 2445 801 2514; x_wconf 90' lang='lat' dir='ltr'>(cui</span> <span class='ocrx_word' id='word_1_313' title='bbox 814 2463 866 2500; x_wconf 91' lang='lat' dir='ltr'>nec</span> <span class='ocrx_word' id='word_1_314' title='bbox 884 2447 955 2499; x_wconf 80' lang='lat' dir='ltr'>uitii</span> <span class='ocrx_word' id='word_1_315' title='bbox 967 2462 1020 2500; x_wconf 90' lang='lat' dir='ltr'>nec</span> <span class='ocrx_word' id='word_1_316' title='bbox 1039 2446 1120 2514; x_wconf 91' lang='lat' dir='ltr'>quid-</span> 
     </span>
     <span class='ocr_line' id='line_1_33' title="bbox 109 2516 1121 2586; baseline 0 -15"><span class='ocrx_word' id='word_1_317' title='bbox 109 2535 193 2586; x_wconf 88' lang='lat' dir='ltr'>quam</span> <span class='ocrx_word' id='word_1_318' title='bbox 211 2517 383 2586; x_wconf 89' lang='lat' dir='ltr'>adiungitur)</span> <span class='ocrx_word' id='word_1_319' title='bbox 404 2517 471 2585; x_wconf 84' lang='lat' dir='ltr'>‘pro</span> <span class='ocrx_word' id='word_1_320' title='bbox 489 2533 556 2571; x_wconf 89' lang='lat' dir='ltr'>vero</span> <span class='ocrx_word' id='word_1_321' title='bbox 576 2516 746 2583; x_wconf 85' lang='lat' dir='ltr'>accusativo,</span> <span class='ocrx_word' id='word_1_322' title='bbox 766 2518 795 2570; x_wconf 93' lang='lat' dir='ltr'>et</span> <span class='ocrx_word' id='word_1_323' title='bbox 812 2516 888 2585; x_wconf 90' lang='lat' dir='ltr'>quod</span> <span class='ocrx_word' id='word_1_324' title='bbox 905 2516 989 2585; x_wconf 87' lang='lat' dir='ltr'>longe</span> <span class='ocrx_word' id='word_1_325' title='bbox 1003 2533 1021 2569; x_wconf 89' lang='lat' dir='ltr'>a</span> <span class='ocrx_word' id='word_1_326' title='bbox 1038 2517 1121 2571; x_wconf 90' lang='lat' dir='ltr'>libris</span> 
     </span>
     <span class='ocr_line' id='line_1_34' title="bbox 109 2586 1120 2656; baseline -0.002 -15"><span class='ocrx_word' id='word_1_327' title='bbox 109 2589 267 2656; x_wconf 86' lang='lat' dir='ltr'>discedat&#39;,</span> <span class='ocrx_word' id='word_1_328' title='bbox 286 2587 397 2654; x_wconf 88' lang='lat' dir='ltr'>dubito,</span> <span class='ocrx_word' id='word_1_329' title='bbox 415 2587 509 2640; x_wconf 90' lang='lat' dir='ltr'>utrum</span> <span class='ocrx_word' id='word_1_330' title='bbox 528 2587 724 2656; x_wconf 88' lang='lat' dir='ltr'>argumentum</span> <span class='ocrx_word' id='word_1_331' title='bbox 741 2586 832 2655; x_wconf 85' lang='lat' dir='ltr'>magis</span> <span class='ocrx_word' id='word_1_332' title='bbox 846 2586 947 2639; x_wconf 89' lang='lat' dir='ltr'>mirum</span> <span class='ocrx_word' id='word_1_333' title='bbox 966 2587 1065 2640; x_wconf 88' lang='lat' dir='ltr'>dicam.</span> <span class='ocrx_word' id='word_1_334' title='bbox 1086 2620 1120 2628; x_wconf 91' lang='lat'>-</span> 
     </span>
     <span class='ocr_line' id='line_1_35' title="bbox 108 2655 1120 2726; baseline -0.002 -13"><span class='ocrx_word' id='word_1_335' title='bbox 108 2661 139 2712; x_wconf 93' lang='lat' dir='ltr'>P.</span> <span class='ocrx_word' id='word_1_336' title='bbox 155 2665 213 2713; x_wconf 90' lang='lat'>175.</span> <span class='ocrx_word' id='word_1_337' title='bbox 229 2665 263 2713; x_wconf 87' lang='grc'>36</span> <span class='ocrx_word' id='word_1_338' title='bbox 281 2661 339 2713; x_wconf 81' lang='lat' dir='ltr'>siat</span> <span class='ocrx_word' id='word_1_339' title='bbox 357 2658 438 2712; x_wconf 91' lang='lat' dir='ltr'>codd.</span> <span class='ocrx_word' id='word_1_340' title='bbox 460 2657 540 2724; x_wconf 90' lang='lat' dir='ltr'>boni,</span> <span class='ocrx_word' id='word_1_341' title='bbox 564 2657 671 2726; x_wconf 76' lang='lat' dir='ltr'>Mada,</span> <span class='ocrx_word' id='word_1_342' title='bbox 693 2663 758 2711; x_wconf 77' lang='lat' dir='ltr'>saut</span> <span class='ocrx_word' id='word_1_343' title='bbox 775 2655 848 2711; x_wconf 91' lang='lat' dir='ltr'>Bait.</span> <span class='ocrx_word' id='word_1_344' title='bbox 868 2673 883 2710; x_wconf 91' lang='lat' dir='ltr'>e</span> <span class='ocrx_word' id='word_1_345' title='bbox 903 2657 964 2711; x_wconf 89' lang='lat' dir='ltr'>cod.</span> <span class='ocrx_word' id='word_1_346' title='bbox 984 2658 1064 2726; x_wconf 85' lang='lat' dir='ltr'>Glog.</span> <span class='ocrx_word' id='word_1_347' title='bbox 1085 2690 1120 2698; x_wconf 83' lang='lat'>-</span> 
     </span>
     <span class='ocr_line' id='line_1_36' title="bbox 108 2726 1119 2796; baseline 0 -13"><span class='ocrx_word' id='word_1_348' title='bbox 108 2731 138 2783; x_wconf 94' lang='lat' dir='ltr'><strong>P.</strong></span> <span class='ocrx_word' id='word_1_349' title='bbox 156 2735 214 2785; x_wconf 86' lang='lat'>175.</span> <span class='ocrx_word' id='word_1_350' title='bbox 227 2735 261 2783; x_wconf 83' lang='grc'>37</span> <span class='ocrx_word' id='word_1_351' title='bbox 281 2730 416 2783; x_wconf 81' lang='lat' dir='ltr'>dilectum</span> <span class='ocrx_word' id='word_1_352' title='bbox 430 2743 490 2793; x_wconf 75' lang='lat' dir='ltr'>scr,</span> <span class='ocrx_word' id='word_1_353' title='bbox 510 2728 591 2782; x_wconf 90' lang='lat' dir='ltr'>codd.</span> <span class='ocrx_word' id='word_1_354' title='bbox 606 2729 636 2781; x_wconf 91' lang='lat' dir='ltr'>et</span> <span class='ocrx_word' id='word_1_355' title='bbox 649 2726 714 2780; x_wconf 90' lang='lat' dir='ltr'>edit.</span> <span class='ocrx_word' id='word_1_356' title='bbox 735 2727 886 2793; x_wconf 62' lang='lat' dir='ltr'>deiectum·</span> <span class='ocrx_word' id='word_1_357' title='bbox 908 2745 934 2780; x_wconf 92' lang='lat' dir='ltr'>v.</span> <span class='ocrx_word' id='word_1_358' title='bbox 954 2727 991 2780; x_wconf 88' lang='lat' dir='ltr'>ad</span> <span class='ocrx_word' id='word_1_359' title='bbox 1011 2745 1039 2796; x_wconf 90' lang='lat' dir='ltr'>p.</span> <span class='ocrx_word' id='word_1_360' title='bbox 1060 2736 1119 2783; x_wconf 88' lang='lat'>105.</span> 
     </span>
     <span class='ocr_line' id='line_1_37' title="bbox 111 2797 1122 2868; baseline 0 -15"><span class='ocrx_word' id='word_1_361' title='bbox 111 2807 152 2854; x_wconf 81' lang='lat'>13.</span> <span class='ocrx_word' id='word_1_362' title='bbox 172 2832 205 2839; x_wconf 94' lang='lat'>—</span> <span class='ocrx_word' id='word_1_363' title='bbox 224 2800 254 2853; x_wconf 91' lang='lat' dir='ltr'><strong>P.</strong></span> <span class='ocrx_word' id='word_1_364' title='bbox 275 2805 334 2855; x_wconf 87' lang='lat'>176.</span> <span class='ocrx_word' id='word_1_365' title='bbox 353 2805 369 2852; x_wconf 82' lang='lat'><strong>2</strong></span> <span class='ocrx_word' id='word_1_366' title='bbox 394 2800 424 2852; x_wconf 83' lang='lat' dir='ltr'>bi</span> <span class='ocrx_word' id='word_1_367' title='bbox 446 2798 506 2853; x_wconf 93' lang='lat' dir='ltr'>cod.</span> <span class='ocrx_word' id='word_1_368' title='bbox 529 2798 552 2850; x_wconf 94' lang='lat' dir='ltr'>B</span> <span class='ocrx_word' id='word_1_369' title='bbox 574 2799 636 2868; x_wconf 76' lang='lat' dir='ltr'>(tp)</span> <span class='ocrx_word' id='word_1_370' title='bbox 659 2799 688 2851; x_wconf 92' lang='lat' dir='ltr'>et</span> <span class='ocrx_word' id='word_1_371' title='bbox 709 2798 778 2864; x_wconf 79' lang='lat' dir='ltr'>Eri,</span> <span class='ocrx_word' id='word_1_372' title='bbox 801 2797 907 2865; x_wconf 67' lang='lat' dir='ltr'>Mada,</span> <span class='ocrx_word' id='word_1_373' title='bbox 929 2799 1012 2852; x_wconf 79' lang='lat' dir='ltr'>buires</span> <span class='ocrx_word' id='word_1_374' title='bbox 1034 2797 1072 2866; x_wconf 89' lang='lat' dir='ltr'>A,</span> <span class='ocrx_word' id='word_1_375' title='bbox 1098 2802 1122 2854; x_wconf 82' lang='lat' dir='ltr'>ii</span> 
     </span>
     <span class='ocr_line' id='line_1_38' title="bbox 109 2867 1120 2936; baseline 0 -14"><span class='ocrx_word' id='word_1_376' title='bbox 109 2871 212 2925; x_wconf 90' lang='lat' dir='ltr'>Baiter.</span> <span class='ocrx_word' id='word_1_377' title='bbox 228 2894 263 2909; x_wconf 50' lang='grc' dir='ltr'>ι-</span> <span class='ocrx_word' id='word_1_378' title='bbox 276 2869 306 2924; x_wconf 92' lang='grc' dir='ltr'>Ρ.</span> <span class='ocrx_word' id='word_1_379' title='bbox 323 2875 382 2923; x_wconf 83' lang='grc'><strong>179.</strong></span> <span class='ocrx_word' id='word_1_380' title='bbox 399 2875 430 2923; x_wconf 92' lang='grc'>17</span> <span class='ocrx_word' id='word_1_381' title='bbox 444 2869 587 2935; x_wconf 75' lang='lat' dir='ltr'>referenda</span> <span class='ocrx_word' id='word_1_382' title='bbox 599 2873 665 2922; x_wconf 80' lang='lat' dir='ltr'>suut</span> <span class='ocrx_word' id='word_1_383' title='bbox 678 2869 770 2922; x_wconf 81' lang='lat' dir='ltr'>omnia</span> <span class='ocrx_word' id='word_1_384' title='bbox 787 2868 859 2923; x_wconf 86' lang='lat' dir='ltr'>Bait.</span> <span class='ocrx_word' id='word_1_385' title='bbox 874 2868 903 2921; x_wconf 90' lang='lat' dir='ltr'>in</span> <span class='ocrx_word' id='word_1_386' title='bbox 922 2867 965 2923; x_wconf 83' lang='lat' dir='ltr'>ed</span> <span class='ocrx_word' id='word_1_387' title='bbox 981 2868 1120 2936; x_wconf 86' lang='lat' dir='ltr'>Tauchn.;</span> 
     </span>
     <span class='ocr_line' id='line_1_39' title="bbox 109 2938 1120 3005; baseline 0 -11"><span class='ocrx_word' id='word_1_388' title='bbox 109 2941 189 2995; x_wconf 89' lang='lat' dir='ltr'>codd.</span> <span class='ocrx_word' id='word_1_389' title='bbox 209 2940 284 2993; x_wconf 91' lang='lat' dir='ltr'>enim</span> <span class='ocrx_word' id='word_1_390' title='bbox 302 2941 395 2994; x_wconf 78' lang='lat' dir='ltr'>omnic</span> <span class='ocrx_word' id='word_1_391' title='bbox 416 2941 466 3005; x_wconf 79' lang='lat' dir='ltr'>res.</span> <span class='ocrx_word' id='word_1_392' title='bbox 484 2945 550 2993; x_wconf 80' lang='lat' dir='ltr'>suat</span> <span class='ocrx_word' id='word_1_393' title='bbox 567 2940 667 2992; x_wconf 79' lang='lat' dir='ltr'>omnia.</span> <span class='ocrx_word' id='word_1_394' title='bbox 687 2968 720 2977; x_wconf 90' lang='lat'>—</span> <span class='ocrx_word' id='word_1_395' title='bbox 739 2938 769 2991; x_wconf 88' lang='lat' dir='ltr'>P.</span> <span class='ocrx_word' id='word_1_396' title='bbox 786 2944 843 2992; x_wconf 90' lang='grc'><strong>179.</strong></span> <span class='ocrx_word' id='word_1_397' title='bbox 859 2944 893 2992; x_wconf 79' lang='lat'>27</span> <span class='ocrx_word' id='word_1_398' title='bbox 912 2940 983 2992; x_wconf 79' lang='lat' dir='ltr'>euim</span> <span class='ocrx_word' id='word_1_399' title='bbox 1001 2944 1040 2992; x_wconf 81' lang='lat' dir='ltr'>cst</span> <span class='ocrx_word' id='word_1_400' title='bbox 1058 2941 1120 2994; x_wconf 92' lang='lat' dir='ltr'>cod.</span> 
     </span>
     <span class='ocr_line' id='line_1_40' title="bbox 109 3007 1122 3078; baseline 0 -14"><span class='ocrx_word' id='word_1_401' title='bbox 109 3013 146 3078; x_wconf 88' lang='lat' dir='ltr'>A,</span> <span class='ocrx_word' id='word_1_402' title='bbox 170 3011 255 3078; x_wconf 84' lang='lat' dir='ltr'>Bait,</span> <span class='ocrx_word' id='word_1_403' title='bbox 279 3016 317 3065; x_wconf 83' lang='lat' dir='ltr'>cst</span> <span class='ocrx_word' id='word_1_404' title='bbox 343 3012 414 3065; x_wconf 81' lang='lat' dir='ltr'>euim</span> <span class='ocrx_word' id='word_1_405' title='bbox 439 3008 475 3078; x_wconf 91' lang='lat' dir='ltr'>B,</span> <span class='ocrx_word' id='word_1_406' title='bbox 502 3009 596 3064; x_wconf 88' lang='lat' dir='ltr'>Madv.</span> <span class='ocrx_word' id='word_1_407' title='bbox 624 3039 658 3048; x_wconf 89' lang='lat'><em>-</em></span> <span class='ocrx_word' id='word_1_408' title='bbox 685 3007 715 3063; x_wconf 92' lang='lat' dir='ltr'>P.</span> <span class='ocrx_word' id='word_1_409' title='bbox 741 3014 800 3062; x_wconf 83' lang='lat'>179.</span> <span class='ocrx_word' id='word_1_410' title='bbox 823 3015 856 3062; x_wconf 85' lang='lat'>33</span> <span class='ocrx_word' id='word_1_411' title='bbox 881 3026 940 3077; x_wconf 88' lang='lat' dir='ltr'>sqq.</span> <span class='ocrx_word' id='word_1_412' title='bbox 968 3009 1122 3065; x_wconf 72' lang='lat' dir='ltr'>conliniare</span> 
     </span>
     <span class='ocr_line' id='line_1_41' title="bbox 110 3079 1121 3149; baseline -0.003 -12"><span class='ocrx_word' id='word_1_413' title='bbox 110 3083 203 3148; x_wconf 82' lang='lat' dir='ltr'>codd,</span> <span class='ocrx_word' id='word_1_414' title='bbox 226 3080 313 3149; x_wconf 85' lang='lat' dir='ltr'>Bait,</span> <span class='ocrx_word' id='word_1_415' title='bbox 336 3082 480 3136; x_wconf 75' lang='lat' dir='ltr'>collinearc</span> <span class='ocrx_word' id='word_1_416' title='bbox 501 3080 595 3136; x_wconf 83' lang='lat' dir='ltr'>Madv.</span> <span class='ocrx_word' id='word_1_417' title='bbox 640 3079 743 3132; x_wconf 82' lang='lat' dir='ltr'>Totum</span> <span class='ocrx_word' id='word_1_418' title='bbox 770 3081 864 3132; x_wconf 88' lang='lat' dir='ltr'>autem</span> <span class='ocrx_word' id='word_1_419' title='bbox 890 3079 984 3133; x_wconf 88' lang='lat' dir='ltr'>locum</span> <span class='ocrx_word' id='word_1_420' title='bbox 1006 3079 1047 3133; x_wconf 89' lang='lat' dir='ltr'>sic</span> <span class='ocrx_word' id='word_1_421' title='bbox 1075 3097 1121 3134; x_wconf 87' lang='lat' dir='ltr'>ex-</span> 
     </span>
     <span class='ocr_line' id='line_1_42' title="bbox 108 3149 1120 3219; baseline 0 -13"><span class='ocrx_word' id='word_1_422' title='bbox 108 3152 262 3219; x_wconf 87' lang='lat' dir='ltr'>hibuimus,</span> <span class='ocrx_word' id='word_1_423' title='bbox 290 3154 322 3205; x_wconf 89' lang='lat' dir='ltr'>ut</span> <span class='ocrx_word' id='word_1_424' title='bbox 352 3152 396 3205; x_wconf 89' lang='lat' dir='ltr'>est</span> <span class='ocrx_word' id='word_1_425' title='bbox 418 3151 536 3219; x_wconf 83' lang='lat' dir='ltr'>scriptus</span> <span class='ocrx_word' id='word_1_426' title='bbox 562 3150 593 3203; x_wconf 91' lang='lat' dir='ltr'>in</span> <span class='ocrx_word' id='word_1_427' title='bbox 619 3149 773 3216; x_wconf 86' lang='lat' dir='ltr'>codicibus,</span> <span class='ocrx_word' id='word_1_428' title='bbox 800 3149 854 3203; x_wconf 89' lang='lat' dir='ltr'>nisi</span> <span class='ocrx_word' id='word_1_429' title='bbox 879 3149 954 3217; x_wconf 90' lang='lat' dir='ltr'>quod</span> <span class='ocrx_word' id='word_1_430' title='bbox 976 3151 1013 3203; x_wconf 85' lang='lat' dir='ltr'>sit</span> <span class='ocrx_word' id='word_1_431' title='bbox 1035 3169 1062 3205; x_wconf 94' lang='lat' dir='ltr'>v.</span> <span class='ocrx_word' id='word_1_432' title='bbox 1086 3158 1120 3206; x_wconf 87' lang='lat'>37</span> 
     </span>
     <span class='ocr_line' id='line_1_43' title="bbox 108 3218 1121 3294; baseline -0.003 -15"><span class='ocrx_word' id='word_1_433' title='bbox 108 3241 158 3294; x_wconf 90' lang='lat' dir='ltr'>pro</span> <span class='ocrx_word' id='word_1_434' title='bbox 182 3224 228 3278; x_wconf 81' lang='lat' dir='ltr'>aed</span> <span class='ocrx_word' id='word_1_435' title='bbox 251 3223 356 3276; x_wconf 91' lang='lat' dir='ltr'>dudum</span> <span class='ocrx_word' id='word_1_436' title='bbox 380 3223 537 3276; x_wconf 88' lang='lat' dir='ltr'>correctum</span> <span class='ocrx_word' id='word_1_437' title='bbox 560 3221 610 3273; x_wconf 90' lang='lat' dir='ltr'>est.</span> <span class='ocrx_word' id='word_1_438' title='bbox 651 3218 725 3273; x_wconf 88' lang='lat' dir='ltr'>Nam</span> <span class='ocrx_word' id='word_1_439' title='bbox 746 3219 873 3287; x_wconf 86' lang='lat' dir='ltr'>quamvis</span> <span class='ocrx_word' id='word_1_440' title='bbox 901 3219 1035 3290; x_wconf 89' lang='lat' dir='ltr'>impedite</span> <span class='ocrx_word' id='word_1_441' title='bbox 1055 3238 1121 3276; x_wconf 92' lang='lat' dir='ltr'>con·</span> 
     </span>
    </p>
   </div>
   <div class='ocr_carea' id='block_1_3' title="bbox 105 3289 1122 3572">
    <p class='ocr_par' dir='ltr' id='par_1_3' title="bbox 108 3289 1122 3505">
     <span class='ocr_line' id='line_1_44' title="bbox 108 3289 1122 3362; baseline 0 -15"><span class='ocrx_word' id='word_1_442' title='bbox 108 3295 251 3362; x_wconf 83' lang='lat' dir='ltr'>tortoque,</span> <span class='ocrx_word' id='word_1_443' title='bbox 269 3310 326 3348; x_wconf 86' lang='lat' dir='ltr'>non</span> <span class='ocrx_word' id='word_1_444' title='bbox 343 3309 457 3362; x_wconf 90' lang='lat' dir='ltr'>prorsus</span> <span class='ocrx_word' id='word_1_445' title='bbox 477 3289 596 3344; x_wconf 85' lang='lat' dir='ltr'>absurde</span> <span class='ocrx_word' id='word_1_446' title='bbox 614 3291 710 3344; x_wconf 88' lang='lat' dir='ltr'>tamen</span> <span class='ocrx_word' id='word_1_447' title='bbox 732 3289 1059 3358; x_wconf 85' lang='lat' dir='ltr'>procedereorationem</span> <span class='ocrx_word' id='word_1_448' title='bbox 1078 3293 1122 3347; x_wconf 89' lang='lat' dir='ltr'>sic</span> 
     </span>
     <span class='ocr_line' id='line_1_45' title="bbox 109 3358 1120 3432; baseline -0.003 -13"><span class='ocrx_word' id='word_1_449' title='bbox 109 3364 250 3420; x_wconf 86' lang='lat' dir='ltr'>existimo:</span> <span class='ocrx_word' id='word_1_450' title='bbox 277 3363 328 3430; x_wconf 88' lang='lat' dir='ltr'>Ut,</span> <span class='ocrx_word' id='word_1_451' title='bbox 352 3365 376 3416; x_wconf 89' lang='lat' dir='ltr'>si</span> <span class='ocrx_word' id='word_1_452' title='bbox 395 3359 636 3429; x_wconf 80' lang='lat' dir='ltr'>cui&#39;&#39;&#39;propositum</span> <span class='ocrx_word' id='word_1_453' title='bbox 654 3358 692 3412; x_wconf 86' lang='lat' dir='ltr'>sit</span> <span class='ocrx_word' id='word_1_454' title='bbox 715 3358 860 3413; x_wconf 90' lang='lat' dir='ltr'>colliniare</span> <span class='ocrx_word' id='word_1_455' title='bbox 886 3360 981 3428; x_wconf 89' lang='lat' dir='ltr'>aliquo</span> <span class='ocrx_word' id='word_1_456' title='bbox 998 3362 1120 3432; x_wconf 88' lang='lat' dir='ltr'>hastam,</span> 
     </span>
     <span class='ocr_line' id='line_1_46' title="bbox 108 3429 1121 3505; baseline -0.003 -16"><span class='ocrx_word' id='word_1_457' title='bbox 108 3435 283 3505; x_wconf 87' lang='lat' dir='ltr'>propositum</span> <span class='ocrx_word' id='word_1_458' title='bbox 302 3434 340 3487; x_wconf 89' lang='lat' dir='ltr'>sit</span> <span class='ocrx_word' id='word_1_459' title='bbox 352 3434 421 3486; x_wconf 88' lang='lat' dir='ltr'>item</span> <span class='ocrx_word' id='word_1_460' title='bbox 439 3430 533 3484; x_wconf 86' lang='lat' dir='ltr'>facere</span> <span class='ocrx_word' id='word_1_461' title='bbox 549 3429 655 3495; x_wconf 90' lang='lat' dir='ltr'>omnia,</span> <span class='ocrx_word' id='word_1_462' title='bbox 673 3432 707 3483; x_wconf 92' lang='lat' dir='ltr'>ut</span> <span class='ocrx_word' id='word_1_463' title='bbox 725 3429 864 3494; x_wconf 78' lang='lat' dir='ltr'>collimat,</span> <span class='ocrx_word' id='word_1_464' title='bbox 883 3431 1121 3498; x_wconf 90' lang='lat' dir='ltr'>quemadmodum</span> 
     </span>
    </p>

    <p class='ocr_par' dir='ltr' id='par_1_4' title="bbox 105 3498 1121 3572">
     <span class='ocr_line' id='line_1_47' title="bbox 105 3498 1121 3572; baseline 0.003 -17"><span class='ocrx_word' id='word_1_465' title='bbox 105 3506 143 3568; x_wconf 82' lang='lat' dir='ltr'>ei,</span> <span class='ocrx_word' id='word_1_466' title='bbox 164 3507 212 3570; x_wconf 80' lang='lat' dir='ltr'>qui</span> <span class='ocrx_word' id='word_1_467' title='bbox 230 3504 344 3571; x_wconf 87' lang='lat' dir='ltr'>assequi</span> <span class='ocrx_word' id='word_1_468' title='bbox 361 3502 443 3568; x_wconf 88' lang='lat' dir='ltr'>velit,</span> <span class='ocrx_word' id='word_1_469' title='bbox 462 3500 537 3569; x_wconf 89' lang='lat' dir='ltr'>quod</span> <span class='ocrx_word' id='word_1_470' title='bbox 554 3499 685 3554; x_wconf 88' lang='lat' dir='ltr'>ultimum</span> <span class='ocrx_word' id='word_1_471' title='bbox 703 3498 830 3554; x_wconf 89' lang='lat' dir='ltr'>inbonis</span> <span class='ocrx_word' id='word_1_472' title='bbox 851 3499 984 3569; x_wconf 63' lang='lat' dir='ltr'>dicimus,⁸</span> <span class='ocrx_word' id='word_1_473' title='bbox 1003 3505 1065 3556; x_wconf 91' lang='lat' dir='ltr'>tum</span> <span class='ocrx_word' id='word_1_474' title='bbox 1085 3505 1121 3572; x_wconf 89' lang='lat' dir='ltr'>ei,</span> 
     </span>
    </p>
   </div>
   <div class='ocr_carea' id='block_1_4' title="bbox 0 0 1178 3876">
    <p class='ocr_par' dir='ltr' id='par_1_5' title="bbox 0 0 1178 3876">
     <span class='ocr_line' id='line_1_48' title="bbox 0 0 1178 3876; baseline 0 0"><span class='ocrx_word' id='word_1_475' title='bbox 0 0 1178 3876; x_wconf 95' lang='lat' dir='ltr'> </span> 
     </span>
    </p>
   </div>
  </div>
 </body>
</html>
