2346 3876
101 153 166 216 206
265 150 314 204 DE
333 149 476 204 FINIBUS
495 147 674 203 BONORUM
692 149 740 202 ΕΤ
759 147 945 204 MALORUM

101 335 229 396 causas,
251 333 314 396 quo
333 311 428 376 modo
447 309 588 393 Epicuro
609 308 748 391 videtur,
772 312 809 372 ut
831 310 974 391 pellatur
993 309 1082 373 mortis

102 405 134 466 et
163 400 329 485 religionis
362 402 480 480 metus,
514 398 569 461 sed
597 398 695 461 etiam
722 397 918 462 modestiam
950 397 1082 482 quandam

102 489 245 572 cognitio
283 509 390 551 rerum
432 485 619 550 caelestium
657 485 750 548 affert
786 485 842 568 iis,
879 486 936 569 qui
971 485 1083 564 videant,

103 581 224 661 quanta
247 577 290 640 sit
314 575 411 638 etiam
436 573 519 657 apud
542 572 618 638 deos
643 572 834 656 moderatio,
858 579 997 656 quantus
1018 571 1084 652 ordo,
1111 596 1114 601 ·

103 668 135 728 et
159 663 415 748 magnitudinem
434 660 533 726 animi
557 660 689 725 deorum
708 682 807 742 opera
826 663 859 724 et
876 660 965 726 facta
982 680 1101 725 cernon-r

102 753 204 835 tibus,
231 750 389 815 iustitiam
418 749 530 831 etiam,
558 769 630 812 cnm
658 748 823 831 cognitum
856 748 994 833 habeas,
1022 745 1085 831 quod

103 842 146 904 sit
169 839 286 903 summi
309 837 443 901 rectoris
467 857 504 899 ac
527 835 649 900 domini
671 857 803 916 numen,
827 836 914 919 quod
932 836 1086 917 consilium,

103 949 184 1011 quae
207 926 371 1009 voluntas3
397 925 486 988 cuius
511 924 551 987 ad
573 927 723 988 naturam
747 926 824 1006 apta
846 925 933 988 ratio
956 945 1027 988 vera
1044 922 1086 986 illa

51 1035 83 1083 12
104 1019 137 1079 et
159 1035 284 1080 summa
307 1012 359 1076 lex
382 1034 402 1075 a
424 1011 627 1094 philosophis
651 1010 775 1075 dicitur.
824 1009 917 1076 Inest
943 1013 978 1077 in
999 1011 1085 1076 eaden

103 1102 316 1186 explicatione
338 1103 472 1164 naturae
490 1098 685 1162 insatiabilis
704 1099 861 1184 quaedam
880 1121 898 1163 e
917 1118 1119 1184 cognoscar-a

104 1191 153 1254 dis
176 1190 271 1254 rebus
295 1189 456 1270 voluptas,
479 1186 514 1250 in
536 1208 600 1269 qua
621 1209 686 1250 una
709 1187 862 1250 confectis
884 1188 981 1252 rebus
1002 1207 1084 1251 ueces-

104 1277 197 1341 sariis
225 1275 316 1339 vacui
342 1274 484 1358 negotiis
510 1274 647 1338 honeste
675 1295 713 1338 ao
740 1274 920 1339 liberaliter
947 1275 1084 1359 possimus

103 1365 217 1429 vivere.
266 1362 356 1445 Ergo
385 1363 421 1425 in
450 1362 512 1426 hac
538 1361 664 1426 ratione
695 1365 766 1426 tota
799 1363 838 1426 de
864 1364 1014 1428 maximis
1036 1360 1085 1424 fere
1114 1394 1120 1403 ·

102 1452 199 1516 rebus
232 1448 334 1515 Stoici
369 1450 445 1514 illos
478 1449 580 1514 secuti
612 1453 700 1533 sunt,
732 1453 769 1513 ut
802 1453 834 1514 et
866 1451 942 1516 deos
977 1449 1085 1516 essert

103 1543 256 1624 quattuor
292 1560 330 1602 ex
367 1538 462 1602 rebus
499 1538 608 1602 omnia
640 1540 787 1602 constare
822 1537 975 1604 dicerent.
1025 1534 1130 1623 cuns,

104 1632 212 1692 autem
234 1629 439 1710 quaereretur
457 1645 508 1689 res
528 1625 699 1689 admodum
723 1625 878 1710 difficilis,
901 1649 979 1692 num
997 1625 1085 1711 quintu
1127 1666 1130 1675 ·

102 1715 259 1800 quaedam
286 1718 403 1778 natura
430 1712 590 1776 videretur
619 1735 701 1796 esse,
730 1735 768 1776 ex
797 1735 861 1796 qua
888 1716 973 1779 ratio
1001 1711 1085 1778 etin·
1127 1714 1130 1725 '

102 1802 291 1887 tellegentia
324 1801 475 1883 oriretur,
507 1801 540 1863 in
572 1823 634 1884 quo
663 1801 762 1864 etiarn
789 1800 828 1865 de
857 1803 988 1886 animis,
1017 1799 1084 1865 cuius

103 1891 230 1976 generis
249 1892 371 1970 essent,
394 1891 615 1972 quaereretur,
638 1887 724 1953 Zeno
743 1889 777 1952 id
797 1889 878 1953 dixit
903 1912 972 1954 esse
994 1890 1086 1973 ignem,

101 2001 168 2043 non
198 1979 288 2041 nulla
319 1977 432 2041 deinde
465 1976 571 2058 aliter,
603 1975 659 2039 sed
691 1997 729 2040 ea
760 1999 876 2063 pauca,
905 1978 944 2042 de
971 1975 1116 2041 maximas

103 2070 210 2130 autem
237 2086 272 2128 re
300 2064 411 2128 eodem
445 2063 555 2146 modo,
584 2063 693 2128 divina
724 2068 831 2129 mente
865 2069 961 2149 atque
993 2068 1088 2129 naua

102 2151 256 2216 mundum
290 2151 476 2215 universnm
505 2156 602 2235 atque
632 2152 699 2214 eius
731 2153 888 2218 maximas
921 2155 1022 2237 partis
1048 2147 1088 2214 ad·

103 2239 290 2303 ministrari.
326 2238 498 2302 Materiam
516 2238 591 2305 vero
609 2260 715 2303 rerum
734 2243 767 2304 et
789 2241 918 2323 copiam
942 2242 1025 2325 apud
1043 2239 1089 2302 hos

53 2348 83 2396 13
104 2328 234 2405 exilem,
270 2327 355 2409 apud
390 2326 465 2400 illos
506 2326 703 2390 uberrimam
738 2329 944 2410 reperiemus.
1007 2329 1091 2404 Quam

103 2415 208 2480 multa
236 2414 276 2479 ab
304 2414 345 2478 iis
374 2415 556 2497 conquisita
583 2418 615 2478 et
643 2415 779 2480 collecta
802 2419 878 2481 sunt
906 2417 945 2481 de
969 2416 1124 2483 omniun¹⁸

103 2503 316 2570 animantium
344 2523 472 2586 genere,
502 2505 588 2585 ortu,
615 2502 783 2586 membris,
811 2506 987 2570 aetatibus!
1014 2521 1095 2588 quan

103 2592 206 2656 multa
237 2591 276 2654 de
307 2591 404 2653 rebus
433 2589 488 2667 iis,
520 2611 600 2672 quae
628 2591 807 2674 gignuntur
834 2613 853 2655 e
881 2595 981 2657 terra!
1014 2608 1100 2678 quarn

103 2680 224 2743 multae
248 2682 406 2761 quartique
430 2677 468 2740 de
492 2677 589 2741 variis
612 2678 708 2742 rebus
733 2684 766 2743 et
788 2701 917 2763 causae,
941 2703 998 2745 cur
1019 2678 1100 2764 quid·

104 2787 164 2850 que
187 2767 257 2847 fiat,
283 2769 315 2828 et
338 2765 642 2849 demonstrationes,
669 2787 764 2849 quem
792 2767 834 2832 ad
861 2768 993 2833 modum
1021 2765 1103 2852 quid·

91 2874 164 2937 ,que
195 2854 264 2916 fiat!
298 2874 360 2936 qua
392 2875 431 2916 ex
464 2853 551 2917 omni
583 2855 676 2936 copia
702 2855 843 2937 plurima
872 2861 905 2920 et
933 2857 1130 2921 certissima²

103 2943 296 3023 argumenta
319 2943 489 3004 sumuntur
512 2940 552 3005 ad
579 2942 730 3025 uniusque
757 2943 806 3006 roi
835 2946 986 3008 naturam
1013 2943 1106 3026 expli·

103 3027 246 3092 eandam.
299 3026 388 3109 Ergo
422 3027 538 3110 adhuc,
576 3033 730 3112 qnantum
764 3030 911 3113 equidem
948 3033 1108 3115 intellego,

103 3137 199 3180 causa
217 3136 282 3178 non
301 3115 426 3178 videtur
448 3114 548 3179 fuisse
567 3116 712 3181 mutandi
730 3119 880 3183 nominis.
917 3117 995 3184 Non
1018 3122 1107 3201 enim,

104 3205 130 3267 si
150 3203 259 3267 omnia
277 3223 344 3266 non
363 3201 569 3285 sequebatur,
591 3203 711 3268 idcirco
730 3226 796 3269 non
814 3211 885 3270 erat
905 3211 995 3272 ortus
1014 3208 1106 3272 illinc

102 3292 262 3375 Equidem
290 3290 388 3353 etiam
416 3288 606 3373 Epicurum,
640 3293 674 3355 in
701 3292 845 3376 physicis
874 3294 1028 3377 quidem,
1050 3295 1130 3360 De·⁴

103 3380 291 3445 mocriteum
317 3381 409 3461 puto.
457 3377 565 3443 Pauca
592 3383 712 3463 mutat,
745 3380 795 3444 vel
828 3382 923 3464 plura
955 3385 1045 3468 sane,
1077 3387 1108 3447 at

103 3489 174 3532 cum
198 3467 236 3531 de
259 3466 408 3548 plurimis
432 3466 542 3532 eadem
565 3467 656 3552 dicit,
683 3472 754 3532 tum
777 3472 864 3533 certe
891 3471 930 3535 de
954 3472 1106 3536 maximis.
