2346 3876
233 165 302 222 ΜΒ.
320 166 367 221 111.
396 165 472 220 CAP.
493 172 614 222 13-15.
643 172 798 232 saa-50.
955 168 1017 232 189

34 327 111 392 iidem
144 327 207 392 hoc
243 348 314 392 esse
347 327 476 410 dicturi,
512 328 633 392 bonam
664 331 801 393 mortem
834 332 867 393 et
897 329 1017 394 bonum

34 419 141 497 partum
169 415 338 479 meliorem
365 416 498 500 longum
526 437 595 480 esse
626 438 724 500 quam
753 416 892 480 brevem.
943 416 1018 482 Non

34 502 122 566 rident
134 503 199 567 alia
217 503 376 568 brevitate
394 503 496 586 pluris
516 504 692 587 aestimari,
710 504 776 567 alia
797 504 1017 568 diuturnitate.

34 587 124 674 Itaque
141 595 393 655 consentaneum
417 595 467 655 est
489 591 555 672 his,
578 613 659 674 quae
678 592 871 674 dictasunt,
893 593 1017 657 ratione
1037 610 1070 657 48

34 676 156 756 illorum,
184 679 240 763 qui
267 679 361 743 illum
386 679 545 744 bonorum
573 679 683 757 finem,
710 680 793 762 quod
818 680 1017 762 appellamus

35 769 189 831 extremum
195 817 205 850 ,
233 767 319 850 quod
347 768 512 849 ultimum,
540 788 681 831 crescere
709 772 768 850 put
754 771 825 831 tent
851 788 946 850 posse
976 803 1018 814 -

35 851 115 918 isdem
144 855 273 938 placere
309 875 378 919 esse
411 855 510 918 alium
543 856 608 919 alio
642 855 740 920 etiam
778 856 1019 938 sapientiorem,

35 940 151 1026 iurique
174 942 275 1006 alium
297 943 401 1026 magis
420 943 484 1006 alio
503 943 554 1006 vel
576 964 709 1025 peccare
727 944 778 1007 vel
797 947 883 1007 recte
905 943 1019 1026 facere,

37 1030 101 1112 quod
128 1029 223 1095 nobis
254 1051 321 1094 non
351 1031 428 1105 lieet
454 1031 572 1112 dicere,
602 1031 659 1114 qui
687 1052 828 1096 crescere
859 995 1019 1096 bonoruni

37 1116 111 1182 linem
134 1140 199 1183 non
225 1123 386 1220 putamus
435 1117 482 1183 Ut
509 1119 608 1200 enim,
636 1119 691 1201 qui
719 1118 857 1183 demersi
881 1121 994 1185 sunt
984 1142 1019 1184 rn

39 1206 238 1288 aqua,nihi10
265 1207 371 1291 magis
399 1207 559 1308 respirare
585 1211 738 1289 possunt,
771 1208 798 1271 si
829 1230 895 1272 non
923 1208 1019 1293 longe

40 1291 132 1357 11111111
158 1315 178 1358 a
205 1315 346 1376 summo,
373 1294 445 1357 ut
436 1316 501 1358 ram
529 1295 656 1377 iamque
686 1296 815 1377 possint
847 1317 1019 1381 emergere,

40 1382 164 1462 quamsi
191 1381 291 1445 etiam
318 1386 389 1446 111111
417 1383 561 1445 essent
551 1404 587 1445 1n
608 1381 783 1466 profundo,
811 1405 870 1448 nec
894 1384 1018 1449 catulus

39 1465 89 1565 ille,
107 1469 159 1553 qui
177 1469 244 1532 iam
263 1471 503 1553 appropinquat
521 1472 557 1532 ut
575 1470 692 1570 vicleat,
710 1471 782 1552 plus
802 1472 904 1534 cernit
922 1494 1018 1555 quam

40 1553 67 1634 is,
85 1558 132 1640 qui
151 1556 247 1621 modo
267 1560 317 1620 est
333 1557 488 1640 natus,it
486 1579 549 1639 em,
572 1558 626 1641 qui
644 1559 800 1658 processit
818 1558 1019 1641 aliquantum

41 1642 203 1709 edvirtutis
222 1644 385 1728 habitum,
407 1645 511 1709 nihilo
530 1647 635 1708 minus
654 1647 688 1708 in
706 1645 837 1709 miseria
855 1649 905 1709 est
924 1667 1020 1729 quam

40 1727 88 1813 ille,
106 1734 159 1816 qui
180 1731 264 1796 nihil
287 1734 453 1816 processit

85 1818 168 1884 Haec
190 1820 353 1885 mirabilia
375 1821 478 1884 videri
500 1821 670 1905 intellego,
693 1821 748 1885 sed
768 1843 840 1885 cum
860 1826 945 1886 certe
968 1830 1073 1893 su-15

40 1908 141 1985 puriora
161 1909 256 1972 firma
278 1930 316 1972 ac
339 1931 414 1974 vera
437 1909 515 1991 sint,
537 1909 589 1972 his
613 1913 720 1973 autem
744 1931 783 1972 ea
805 1913 1021 1974 consentanea

40 1996 62 2056 c
85 1997 321 2079 consequentia,
352 2017 393 2060 ne
425 1997 464 2059 de
494 1999 612 2062 horum
644 1997 772 2080 quidem
805 2002 855 2060 est
883 1998 1020 2062 veritate

40 2077 234 2149 dubitandum.
273 2081 335 2148 Sed
359 2105 554 2168 quamquam
575 2088 699 2168 negant
721 2106 781 2148 nec
804 2085 939 2148 viniules
962 2107 1021 2150 nee

39 2168 99 2234 vitia
123 2193 275 2254 crescere,
302 2175 412 2236 tamen
435 2178 605 2256 utrumque
628 2193 740 2236 eorum
767 2172 859 2237 fundi
882 2174 1020 2256 quodam

40 2259 111 2322 nodo
138 2264 170 2323 et
197 2261 290 2342 quasi
318 2260 447 2323 dilatari
475 2263 598 2343 putant.
642 2258 784 2324 Divitias
813 2264 922 2324 autem
943 2259 1020 2324 Dio·
1040 2283 1073 2329 40

40 2361 114 2425 genes
144 2351 255 2412 censet
285 2368 350 2411 non
378 2369 449 2411 eam
476 2347 572 2411 modo
600 2347 667 2411 vim
699 2347 832 2430 habere,
863 2351 900 2410 ut
929 2349 1021 2431 quasi

40 2429 112 2499 luces
137 2436 204 2500 sint
231 2434 271 2499 ad
299 2436 500 2518 voluptutem
528 2438 561 2498 et
588 2435 628 2498 ad
655 2434 871 2499 valetudinem
893 2435 1022 2517 bonam,

40 2521 80 2584 1011
97 2524 192 2587 etiam
215 2524 263 2586 uti
286 2544 325 2587 ea
347 2524 546 2604 contineant,
574 2544 638 2587 non
666 2522 751 2586 idem
780 2521 885 2585 facere
909 2543 963 2585 eas
988 2523 1022 2587 in

39 2607 135 2676 virute
165 2632 268 2695 neque
301 2611 335 2674 in
367 2611 481 2676 ceteris
514 2574 651 2692 ultibus,
685 2610 725 2673 ad
752 2630 832 2693 quas
860 2631 929 2673 esse
959 2610 1022 2673 dux

37 2700 152 2774 pecunia
177 2702 300 2784 potest,
332 2699 497 2764 continere
524 2701 632 2762 autem
663 2719 728 2763 non
746 2701 882 2781 '3potest
913 2698 1021 2781 itaque

39 2781 217 2888 sivoluptas
238 2790 294 2850 aut
316 2787 345 2849 si
367 2786 453 2851 bona
474 2786 625 2850 valetudo
644 2786 715 2849 sit
705 2807 740 2848 m
759 2785 866 2868 boniet,
890 2785 982 2850 divit
958 2790 1021 2850 tras

38 2891 141 2971 quoquc
158 2877 194 2939 in
212 2875 307 2938 bonis
326 2895 396 2938 esse
414 2874 590 2957 ponendae,
609 2877 651 2956 at,
675 2874 703 2936 si
723 2836 883 2956 sapientia
900 2874 1022 2938 bonum

38 2958 79 3042 sit,
97 2985 160 3027 non
183 2963 289 3046 sequi,
312 2983 333 3024 u
335 2963 465 3026 tetiam
488 2961 618 3026 divitias
637 2923 759 3025 tionum
778 2983 847 3027 esse
871 2962 1021 3028 dicamus.

37 3011 128 3151 licique
155 3051 197 3114 ab
225 3051 292 3114 ulla
319 3071 366 3132 re,
394 3071 475 3150 quae
502 3070 567 3113 non
587 3048 675 3112 sit
665 3071 700 3112 111
727 3049 834 3133 bonis,
863 3051 908 3134 id,
937 3051 1021 3134 quod

37 3133 125 3203 sitm
155 3139 264 3215 bonis,
296 3138 454 3202 contineri
485 3141 543 3237 pot
529 3140 607 3220 t,est
640 3136 681 3200 ob
714 3159 847 3220 eamque
884 3160 1022 3221 causam,

37 3224 95 3303 quia
124 3226 325 3311 cognitiones
358 3225 678 3308 comprensionesque
708 3246 829 3306 rerum,
861 3247 878 3288 e
905 3225 1021 3308 quibus

36 3309 278 3379 officiunturt
226 3317 278 3377 art
279 3335 326 3394 es,
354 3314 587 3396 appetitionem
615 3315 759 3395 movent,
790 3334 862 3375 cum
890 3311 1021 3375 divitiae

34 3417 85 3464 uon
105 3402 199 3466 sint
189 3425 224 3466 111
247 3401 355 3479 bonis,
384 3402 475 3465 nulla
498 3423 549 3464 ars
578 3399 702 3464 divitiis
726 3398 882 3462 contineri
904 3401 1021 3480 potest.

34 3483 163 3560 Quod
137 3513 165 3554 s1
192 3490 231 3554 de
260 3492 310 3552 art
297 3489 383 3552 tibus
412 3489 635 3573 concedamus,
663 3486 791 3550 virtutis
819 3489 930 3549 tamen
955 3507 1021 3550 non
1041 3505 1074 3553 50
