2356 3870
130 148 196 213 400
328 146 626 201 TUSCULANARUM
643 147 948 202 DISPUTATIONUM

77 326 111 372 ιι
131 309 244 372 morbo
262 329 381 372 nomen
401 310 450 372 est
470 308 652 392 avaritia,
677 308 890 392 similiterque
909 310 1012 374 ceteri
1031 311 1140 394 morbi,

130 400 167 460 ut
190 396 337 480 gloriae
361 396 570 479 cupiditas,
593 400 630 459 ut
652 397 933 479 mulierositas,
957 401 996 461 ut
1018 397 1067 462 ita
1089 421 1138 482 ap·

129 485 248 567 pellem
267 503 351 567 eam,
375 505 458 567 quae
479 482 600 547 Graece
623 487 804 566 φιλογυνία
828 484 959 568 dicitur,
984 486 1137 570 ceterique

130 572 244 636 similit
230 575 279 635 ter
314 571 420 636 morbi
457 571 760 655 aegrotationesque
801 576 991 637 nascuntur.
1056 574 1136 650 Quae

131 664 239 723 autem
265 662 341 723 sunt
368 659 420 722 his
444 659 618 742 contraria,
648 680 687 722 ea
708 659 798 724 nasci
820 663 980 765 putantur
1002 684 1023 726 a
1046 666 1155 743 metus

130 747 317 812 utodium
344 747 560 847 mulierum,
587 748 720 831 quale
711 769 746 810 m
769 743 942 835 μισογύνῳ
967 749 1128 813 Atiliit
1086 753 1135 830 est,

130 771 199 899 ιι’”
189 858 228 898 1n
250 835 444 899 hominum
463 834 677 898 universum
696 855 829 918 genus,
853 813 941 919 quod
960 799 1135 920 accepimui

131 923 170 987 de
188 923 335 1005 Timone,
358 922 412 1006 qui
431 917 669 1005 μισάνθρωπος
688 923 831 1006 appellat
832 945 927 1006 ur,u
906 923 1132 1024 utinhospi·

130 1011 222 1074 talit
208 1014 268 1074 tas
293 1014 355 1092 est,
379 1031 461 1092 quae
484 1031 594 1073 omnes
618 1030 715 1093 aegro
718 1011 857 1075 tationes
877 1012 979 1075 animi
1003 1034 1043 1076 ex
1066 1034 1132 1096 quo·

131 1099 205 1162 dam
232 1101 321 1161 metu
347 1100 525 1160 nascuntur
551 1119 660 1161 earum
687 1119 808 1181 rerum,
842 1121 923 1182 quas
951 1099 1083 1183 fugiunt
1069 1104 1132 1164 et
1142 1123 1161 1162 ιι

77 1187 275 1250 cecderunt.
333 1183 500 1249 Definiunt
536 1188 644 1249 autem
685 1186 782 1249 animi
825 1189 1132 1270 aegrotationem

131 1273 351 1356 opinationem
377 1273 600 1337 vehementem
629 1273 668 1336 de
690 1294 725 1336 re
747 1295 814 1338 non
837 1275 1033 1358 expetenda,
1060 1281 1131 1341 tam·

130 1383 227 1445 quam
249 1361 341 1425 valde
365 1361 542 1443 expetenda
566 1361 622 1438 sit,
645 1361 866 1426 inhaerentem
885 1365 920 1424 et
939 1365 1071 1445 penitus
1091 1363 1131 1427 in·
1169 1396 1172 1453 2

130 1450 236 1513 sitam.
287 1448 378 1524 Quod
408 1451 516 1512 autem
543 1450 684 1512 nascitur
717 1470 756 1512 ex
784 1448 977 1534 offensione,
1010 1451 1059 1515 ita
1088 1451 1132 1515 de·

130 1539 260 1601 finiunt:
291 1536 475 1619 opinionem
502 1535 724 1600 vehementem
757 1536 796 1600 de
827 1559 863 1600 re
890 1559 960 1601 non
986 1538 1163 1623 fugiendae

130 1626 350 1690 inhaerentem
384 1628 417 1687 et
449 1623 577 1705 penitus
610 1624 743 1688 insitam
774 1628 944 1708 tamquam
973 1626 1132 1711 fugienda

130 1713 210 1776 haee
247 1715 354 1775 autem
393 1711 537 1793 opinatio
574 1715 625 1775 est
659 1712 813 1776 iudicatio
853 1734 887 1776 se
925 1713 1024 1798 scire,
1057 1713 1133 1798 quod

130 1801 260 1864 nesciat.
313 1799 542 1882 Aegrotationi
569 1802 677 1863 autem
703 1800 785 1864 talia
812 1800 970 1882 quaedam
998 1802 1133 1866 subiecta

131 1893 217 1953 sunt:
260 1887 443 1968 avaritia,
480 1887 656 1968 ambitio,
693 1887 980 1966 mulierositas,
1018 1890 1132 1974 pervi-

131 1977 248 2058 oaoia,
267 1974 483 2126 ligurritip,
501 1973 731 2058 vinulentia,
751 1975 952 2059 cuppedia,
977 1981 1012 2040 et
1032 1978 1060 2042 si
1077 1999 1163 2061 quaa

131 2063 258 2129 similia.
308 2061 371 2126 Est
398 2065 454 2126 aut
456 2083 506 2124 ern
537 2062 704 2126 avaritia
730 2063 843 2146 opinat
829 2063 876 2127 tio
904 2063 1079 2130 vehemens
1099 2065 1133 2128 de

130 2151 279 2235 pecunia,
302 2171 395 2232 quas1
386 2149 506 2213 valde
525 2154 620 2233 expet
606 2149 703 2214 tenda
721 2151 777 2233 sit,
799 2150 1032 2218 inhaerenst
999 2161 1032 2218 et
1053 2151 1132 2236 peni-

80 2244 86 2253 ‘
130 2244 183 2303 tus
214 2238 328 2319 insita,
361 2236 539 2320 similisque
571 2241 621 2302 est
653 2199 796 2302 eiusdein
834 2239 963 2323 generis
998 2239 1131 2305 definitio

78 2351 111 2398 ιι
130 2326 334 2411 reliquarum.
371 2322 593 2389 Offensionum
614 2330 723 2390 autem
746 2325 952 2391 definitiones
976 2333 1052 2392 sunt
1072 2327 1131 2392 eius

129 2416 230 2498 modi,
257 2418 294 2477 ut
316 2412 613 2494 inhospitalitas
640 2415 684 2477 sit
707 2413 815 2496 opinio
848 2414 1025 2481 vehemens
1047 2413 1168 2480 valders

129 2503 318 2588 fugiendum
341 2523 411 2565 esse
433 2500 609 2583 hospitem,
635 2522 734 2585 eaque
757 2501 931 2567 inhaerens
954 2507 990 2568 et
1012 2503 1128 2587 penitus
1167 2544 1172 2581 5

129 2593 241 2674 insita,
263 2589 475 2672 similiterque
494 2588 646 2652 definitur
664 2594 696 2653 ct
714 2589 918 2654 mulierum
938 2591 1081 2673 odium,
1099 2591 1128 2653 ut
1156 2590 1170 2741 ι

55 2706 58 2710 ·
129 2679 317 2763 Hippolyti,
340 2680 385 2760 et,
406 2680 444 2740 ut
466 2675 625 2759 Timonis,
648 2677 802 2759 generis
825 2677 996 2743 humani.

79 2773 120 2836 12
196 2768 303 2851 Atque
329 2727 385 2830 ut,
399 2764 440 2828 ad
467 2763 662 2828 valetudinis
694 2764 807 2829 similit
809 2764 941 2830 udinem
973 2766 1124 2831 veniamus

129 2877 229 2938 eaque
248 2853 369 2918 conlat
359 2873 432 2916 rone
450 2854 487 2915 ut
488 2874 580 2915 amur
599 2852 786 2935 aliquando,
805 2851 861 2916 sed
878 2853 1021 2938 parcius,
1042 2871 1172 2939 quam
1153 2896 1172 2942 ,

130 2945 235 3007 solent
253 2939 366 3005 Stoici:
389 2943 427 3004 ut
446 2943 521 3003 sunt
540 2939 595 3002 alii
614 2939 654 3003 ad
677 2939 759 3004 alios
778 2940 911 3004 morbos
930 2942 1172 3025 procliviores,

130 3029 253 3114 (itaque
281 3027 417 3091 dicimus
441 3027 676 3128 gravedinosos
704 3027 876 3111 quosdam,
905 3031 1055 3132 quosdam
1072 3032 1172 3116 tor,-

128 3120 286 3200 minosos,
307 3137 374 3179 non
396 3115 472 3198 quia
493 3115 560 3179 iam
583 3115 662 3192 sint,
684 3115 741 3179 sed
763 3115 839 3199 quia
862 3117 990 3202 saepe),
1013 3119 1057 3182 sio
1076 3076 1172 3178 ιιι
1164 3162 1172 3202 ,

129 3207 169 3270 ad
199 3207 334 3287 metum,
362 3202 417 3266 alii
445 3202 486 3265 ad
512 3203 610 3267 aliam
637 3164 929 3290 perturbationem,
957 3227 998 3270 ex
1020 3200 1120 3304 quoin
1164 3234 1172 3289 ι

128 3293 201 3357 aliis
220 3291 411 3392 anxietas,
430 3289 512 3353 unde
532 3290 631 3372 anxii,
650 3291 684 3354 in
701 3291 773 3355 aliis
791 3255 998 3359 iracuridia
1015 3291 1119 3365 dicitur,
1145 3333 1172 3375 Η

128 3403 209 3465 quae
242 3379 325 3444 ab
315 3400 374 3442 rra
405 3377 524 3460 differt,
564 3381 676 3462 estque
708 3378 797 3442 aliud
832 3378 1025 3446 iracundum
1057 3394 1117 3453 esso,
1165 3410 1172 3464 ι

127 3404 255 3534 iliud
245 3469 310 3532 rrat
312 3489 379 3549 um,
410 3469 448 3529 ut
480 3428 588 3529 difiert
614 3466 761 3530 anxietas
793 3466 834 3530 ab
867 3487 1005 3553 angore,
1034 3480 1116 3549 nequ
1166 3511 1172 3525 «
