2346 3876
109 168 173 232 248
269 169 319 223 DE
337 168 483 224 FINIBUS
501 170 682 225 BONORUM
698 170 746 226 ET
765 169 951 225 MALORUM

108 333 188 396 item
205 333 240 396 in
257 333 419 396 nobismet
436 332 527 416 ipsis,
545 354 641 416 quem
659 332 700 396 ad
723 331 855 396 modum
882 333 991 397 affecti
1009 334 1106 416 simus,

108 420 189 484 nihil
210 424 323 484 nostra
346 420 577 484 arbitrabimur
598 421 763 484 interesse.

56 511 97 572 11
175 507 282 591 Atque
301 508 400 572 etiam
416 507 498 572 illud
516 508 545 572 si
567 509 623 591 qni
644 507 747 572 dicere
766 507 860 590 velit,
883 509 1107 592 perabsurdum

110 597 166 679 sit,
189 596 238 660 ita
260 595 351 680 diligi
375 617 394 660 a
417 616 486 660 sese
510 616 680 680 quemque,
703 598 741 659 ut
763 616 802 659 ea
823 595 874 660 vis
897 595 1107 680 diligencia

109 685 207 749 aliam
229 705 298 748 rem
327 683 513 767 quampiam
539 683 710 766 referatur,
737 703 805 747 non
832 681 973 748 adeum
1003 684 1125 768 ipsums

110 773 165 856 qui
183 793 253 837 sese
270 771 395 855 diligat.
431 769 502 835 Hoc
521 792 593 836 cum
610 771 646 836 in
664 770 826 852 amicitiis,
844 792 918 836 cum
937 771 975 835 in
993 772 1107 854 officiis,

109 882 182 924 cum
212 860 248 924 in
279 859 452 924 virtutibus
484 859 617 938 dicitur,
641 862 886 943 quoquomodo
912 859 1043 936 dicitur,
1070 860 1107 923 in·

108 948 219 1032 tellegi
242 951 366 1030 tamen,
388 945 465 1030 quid
488 945 625 1029 dicatrrr,
633 949 771 1097 ,potest3
793 952 829 1011 in
849 947 1017 1012 nobismet
1037 947 1108 1032 ipsis

109 1042 217 1100 autem
234 1055 273 1099 nc
290 1033 437 1185 intellegi
456 1034 632 1117 quidemn
610 1037 796 1117 eapropter
814 1033 912 1098 aliam
931 1035 1121 1119 quampiam

108 1146 191 1204 rem,
218 1122 308 1186 verbi
336 1125 410 1206 grat
412 1122 444 1186 ia
470 1124 603 1205 propter
629 1123 841 1205 voluptatem,
870 1143 932 1187 nos
961 1144 1135 1206 amemus3u

59 1213 241 1310 propter
271 1231 331 1274 nos
363 1210 449 1274 enim
480 1209 586 1293 illam,
623 1231 690 1274 non
721 1213 853 1294 propter
885 1230 959 1274 eam
991 1213 1110 1277 nosmet

56 1317 90 1365 31
109 1298 198 1381 ipsos
231 1296 405 1381 diligimus,
460 1295 661 1381 Quamquam
694 1297 769 1381 quid
801 1299 864 1380 est,
896 1297 984 1381 quod
1016 1298 1109 1382 magis

109 1386 315 1470 perspicuum
339 1385 394 1468 sit,
417 1404 511 1467 quom
532 1406 599 1450 non
616 1385 712 1449 modo
733 1406 842 1450 carum
865 1385 928 1448 sibi
953 1406 1110 1486 quemque,

110 1473 343 1538 verumetiam
371 1473 576 1537 vehementer
604 1494 714 1537 aarum
741 1472 832 1538 esse?
862 1473 935 1555 quis
960 1477 1012 1540 est
1034 1474 1110 1538 enim

110 1565 167 1626 aut
189 1561 474 1646 quotusquisque,
499 1561 563 1645 cui,
587 1582 673 1625 mors
692 1582 764 1626 cum
784 1560 1032 1645 appropinquet,
1053 1582 1139 1626 nonu

176 1692 376 1777 ,refugiat
398 1689 535 1756 timido
559 1713 732 1776 sanguen
755 1693 869 1775 aitque
893 1692 1111 1843 θῗαὲδεεοὲὲ

857 1801 914 1844 ma
940 1802 964 1843 u

109 1914 182 1979 Etsi
209 1912 272 1978 hoc
299 1912 428 1996 quidem
452 1915 501 1976 est
529 1912 565 1977 in
588 1913 682 1994 vitio,
709 1911 956 1976 dissolutionem
982 1909 1111 1976 natuiae

109 2006 177 2066 tam
200 2002 292 2065 valde
316 2000 557 2084 perhorrescere
580 1997 681 2085 (quod
708 2000 787 2063 item
810 2002 860 2063 est
883 1999 1111 2082 reprehenden-

110 2090 186 2152 dum
213 2088 248 2152 in
270 2087 408 2172 dolore),
436 2087 491 2151 sed
519 2087 595 2171 quia
621 2087 689 2151 fere
717 2088 764 2151 sic
792 2086 976 2150 afficiuntur
999 2108 1144 2168 omnesa

111 2177 190 2240 satis
223 2175 409 2260 argumenti
440 2179 489 2239 est
518 2176 558 2239 ab
587 2175 722 2240 interitu
748 2177 899 2238 naturam
929 2174 1112 2255 abhorrere3

110 2264 205 2347 idque
238 2284 301 2346 quo
329 2263 433 2346 magis
462 2263 590 2347 quidam
617 2263 664 2327 ita
691 2261 827 2343 faciunt,
853 2261 929 2324 ut
919 2283 989 2325 rure
1020 2263 1113 2326 etiam

110 2351 399 2452 reprehendantur,
430 2349 493 2414 hoc
531 2351 636 2433 magis
669 2348 920 2433 intellegendum
953 2352 1004 2414 cst
1039 2351 1114 2414 haec

110 2441 181 2523 ipsa
198 2439 299 2503 nimia
321 2439 356 2503 in
379 2438 571 2521 quibusdam
593 2439 703 2502 futura
720 2459 785 2501 non
802 2436 919 2517 fuisse,
939 2436 1006 2500 nisi
1025 2459 1113 2521 quae·

111 2528 185 2592 dam
218 2529 325 2591 essent
311 2526 485 2590 tmodiea
514 2531 640 2591 natura.
693 2525 761 2626 blec
793 2545 867 2588 vero
902 2486 974 2589 dico
1007 2546 1114 2590 eorum
1126 2551 1148 2591 as

111 2619 232 2680 metum
255 2614 382 2695 mortis,
407 2613 476 2714 qui,
507 2613 582 2698 quia
604 2612 725 2697 privari
748 2633 782 2677 se
805 2611 891 2676 vitae
913 2611 1012 2676 bonis
1035 2613 1116 2678 arbi-

110 2706 249 2784 trentur,
279 2705 336 2765 aut
363 2701 440 2784 quia
466 2702 621 2802 quasdam
653 2705 730 2786 post
760 2703 898 2763 mortem
928 2697 1116 2766 formidines

112 2791 336 2872 extimescant,
355 2792 412 2852 aut
428 2790 504 2870 quic
522 2792 682 2870 metuant,
699 2809 740 2852 ne
758 2808 830 2851 cum
849 2787 960 2851 dolore
979 2789 1116 2854 morian·

111 2880 178 2960 tur,
211 2876 327 2941 idcirco
360 2880 498 2941 mortem
525 2876 707 2961 fugiant3
697 2898 732 2939 111
758 2874 867 2958 parvis
897 2874 984 2939 enim
1015 2897 1116 2961 saepe,

112 2965 167 3049 qui
188 2963 271 3027 nihil
294 2984 404 3027 eorum
418 2965 588 3048 cogitant,
614 2965 643 3027 si
672 2963 800 3048 quando
823 2963 863 3025 iis
887 2962 1038 3027 ludentes
1062 2964 1151 3030 misc

111 3074 226 3116 namur
256 3052 522 3134 praecipitaturos
561 3053 718 3135 alicunde,
755 3049 976 3116 extimescunt.
1038 3052 1117 3128 Quin

112 3139 210 3204 etiam
234 3137 387 3222 ‘ferae',
409 3139 514 3222 inquit
536 3139 707 3221 Pacuvius,

179 3268 316 3352 quibus
336 3270 449 3333 abest
467 3269 512 3333 ad
535 3271 839 3354 praecavendum
862 3269 1116 3422 itqittellegendi

821 3378 861 3422 as
932 3379 987 3443 ra,

42 3509 84 3556 32
100 3489 225 3556 abaco
250 3491 373 3556 terrore
396 3488 512 3556 mortis
535 3486 803 3554 Quotiescunt’
846 3488 926 3563 ouis
951 3492 1062 3556 autem
1081 3489 1153 3560 dee
