2346 3876
320 189 387 243 LIB.
406 189 453 243 IV.
482 188 558 244 CAP.
579 197 665 245 6-8.
693 195 708 255 ἓ
728 197 849 246 12-18.
1023 192 1087 261 397

74 352 226 416 tionem
245 355 368 431 autem,
393 373 488 434 quam
508 351 542 415 in
561 352 665 416 omnis
685 351 889 418 definitiones
909 354 1088 435 superiores

74 438 283 522 inclusimus,
305 439 420 503 volunt
443 460 512 503 esse
535 439 722 503 inbecillam
745 440 979 505 adsensionem.

146 525 211 592 Sed
230 527 367 610 singulis
387 527 685 609 perturbationibus
704 532 813 610 partes
832 528 975 593 eiusdem
996 549 1088 613 gene·
1109 544 1129 590 κ

75 615 124 680 ris
161 615 270 698 plures
307 613 520 697 subiciuntur,
562 619 599 678 ut
636 616 877 699 aegritudini
912 616 1089 681 invidentia

41 725 61 764 s
77 701 248 790 (utendum
268 705 318 766 est
336 702 419 766 enim
446 702 580 766 docendi
599 725 696 767 causa
716 704 815 769 verbo
834 705 940 768 minus
959 705 1089 788 usitate,

77 790 236 876 quoniam
254 790 459 854 invidianon
477 791 510 854 in
529 813 581 873 eo,
604 791 660 874 qui
681 791 816 874 invidet,
841 793 945 856 solum
964 791 1089 876 dicitur,

77 879 137 943 sed
156 878 256 943 etiam
274 878 308 942 in
327 899 379 960 eo,
401 877 453 941 cui
472 877 660 964 invidetur),
679 880 868 963 aemulatio,
887 880 1090 965 obtrectatio,

75 965 316 1049 misericordia,
344 985 461 1048 angor,
489 966 607 1044 luctus,
630 988 769 1050 maeror,
799 989 965 1050 aerumna,
989 967 1089 1052 dolor,

75 1054 280 1138 lamentatio,
298 1054 491 1135 sollicitudo,
510 1054 669 1137 molestia,
690 1054 878 1139 adflictatio,
898 1055 1089 1140 desperatio,

34 1161 64 1208 ro
77 1146 113 1207 et
131 1143 161 1207 si
184 1145 359 1227 quaesunt
382 1142 420 1205 de
443 1162 559 1227 genere
577 1143 699 1207 eodem.
736 1141 802 1208 Sub
821 1149 960 1208 metum
982 1148 1089 1209 autem

80 1230 229 1296 subiecta
259 1233 335 1295 sunt
362 1230 509 1314 pigritia,
538 1230 654 1314 pudor,
683 1235 802 1315 terror,
837 1233 949 1315 timor,
980 1255 1089 1316 pavor,

80 1318 294 1402 exanimatio,
332 1319 551 1398 conturbatio,
583 1318 735 1402 formido,
772 1320 966 1403 voluptati
1000 1322 1091 1386 mali-

78 1407 225 1472 volentia
255 1407 381 1470 laetans
411 1407 498 1471 malo
531 1407 650 1489 alieno,
682 1407 865 1491 delectatio,
896 1409 1029 1474 iactatio
1057 1414 1091 1473 et

77 1494 209 1578 similia,
227 1494 400 1559 lubidini
412 1494 471 1577 ira,
485 1494 757 1578 excandescentia,
773 1495 891 1579 odium,
908 1496 1090 1580 inimicitia,

34 1605 64 1650 ra
78 1582 257 1667 discordia,
285 1582 478 1666 indigentia,
501 1582 696 1646 desiderium
719 1586 753 1646 et
774 1587 880 1647 cetera
902 1584 971 1647 eius
994 1584 1090 1647 modi.

146 1670 237 1735 Haec
266 1674 374 1734 autem
404 1669 560 1734 definiunt
588 1670 650 1734 hoc
682 1671 791 1735 modo:
827 1670 1090 1736 Invidentiam

78 1780 152 1824 esse
188 1756 297 1823 dicunt
324 1758 560 1842 aegritudinem
588 1762 771 1841 susceptam
798 1762 932 1842 propter
960 1760 1089 1823 alterius

77 1869 132 1912 res
156 1847 325 1928 secundas,
355 1867 436 1929 quae
463 1846 552 1930 nihil
574 1851 711 1911 noceant
738 1846 904 1912 invidenti.
953 1845 1038 1911 Nam
1062 1848 1090 1910 si

79 1936 136 2020 qui
164 1934 273 1999 doleat
300 1935 366 1999 eius
394 1935 490 1998 rebus
518 1934 678 2018 secundis,
706 1957 726 1999 a
755 1956 818 2018 quo
840 1935 911 2018 ipse
934 1935 1090 2018 laedatur,

34 2045 148 2090 aunon
169 2026 255 2086 recte
278 2022 403 2086 dicatur
425 2022 582 2105 invidere,
607 2026 645 2086 ut
667 2022 696 2086 si
718 2021 852 2088 Hectori
874 2023 1090 2106 Agamemn03

79 2111 137 2196 qui
155 2115 278 2194 autem,
301 2111 353 2175 cui
375 2110 507 2174 alterius
526 2110 695 2175 commoda
713 2111 795 2176 nihil
814 2114 960 2194 noceant,
982 2114 1091 2174 tamen

80 2220 156 2263 eum
174 2197 283 2262 doleat
304 2199 345 2262 iis
367 2197 446 2280 frui,
468 2198 497 2261 is
515 2198 660 2262 invideat
677 2198 831 2282 profecto
871 2200 1090 2263 Aemulatio

80 2289 191 2351 autem
219 2284 388 2368 dupliciter
413 2286 472 2350 illa
500 2285 628 2370 guidem
657 2286 786 2372 dicitur,
813 2290 850 2350 ut
877 2291 910 2351 et
936 2287 971 2351 in
995 2287 1090 2351 laude

80 2378 115 2439 et
142 2372 177 2438 in
205 2373 285 2438 vitio
312 2395 431 2438 nomen
458 2374 520 2439 hoc
543 2374 600 2456 sit;
630 2377 763 2437 namet
788 2374 929 2438 imitatio
960 2375 1090 2439 virtutis

38 2487 67 2530 ss
80 2461 258 2528 aemulatio
286 2462 403 2527 dicitur
431 2458 502 2546 (sed
530 2482 568 2525 ea
595 2459 677 2525 nihil
699 2460 762 2524 hoc
784 2462 855 2525 loco
878 2462 1011 2540 utimur3
1042 2467 1092 2526 est

81 2550 169 2614 enim
192 2548 327 2636 laudis),
351 2553 384 2614 et
406 2553 456 2612 est
474 2549 650 2614 aemulatio
673 2549 857 2632 aegritudo,
881 2549 909 2613 si
932 2571 983 2631 eo,
1006 2550 1092 2632 quod

81 2637 295 2721 concupierit,
319 2638 401 2701 alius
423 2637 582 2720 potiatur,
604 2638 673 2720 ipse
692 2641 808 2701 careat.
846 2635 1091 2701 Obtrectatio

81 2730 193 2790 autem
216 2729 278 2808 est,
300 2740 344 2789 ea·
361 2747 458 2809 quam
480 2725 629 2808 intellegi
651 2727 850 2808 ζηλοτυπίαν
872 2724 960 2806 volo,
986 2725 1090 2807 aegri-

81 2814 162 2878 tudo
181 2835 220 2877 ex
239 2835 290 2896 eo,
313 2812 398 2898 quod
417 2813 499 2877 alter
521 2834 647 2896 quoque
670 2813 815 2896 potiatur
839 2835 890 2895 ec,
913 2813 999 2896 quod
1021 2813 1129 2896 ipset

43 2926 69 2968 so
82 2901 310 2984 concupiverit.
346 2899 615 2964 Misericordia
639 2904 689 2964 est
711 2900 879 2984 aegritudo
899 2923 938 2965 ex
960 2901 1091 2965 miseria

81 2989 218 3054 alterius
240 2989 359 3053 iniuria
387 2988 581 3070 laborantis3
608 3011 703 3053 nemo
728 2989 812 3053 enim
835 2987 1014 3072 parricidae
1037 2993 1102 3052 aut·

80 3076 261 3162 proditoris
285 3076 443 3159 supplicio
467 3075 688 3141 misericordia
711 3080 942 3160 commovetur;
972 3094 1092 3159 angor

81 3164 251 3250 aegritudo
270 3185 428 3247 premens,
446 3163 574 3229 luctus
594 3164 761 3247 aegritudo
777 3186 816 3229 ex
834 3166 912 3242 eius,
930 3164 984 3249 qui
999 3185 1091 3228 carus

80 3252 193 3327 fuerit,
230 3252 365 3316 interitu
400 3253 531 3334 acerbo,
567 3273 715 3317 maeror
756 3251 924 3336 aegritudo
965 3251 1091 3332 flebilis,

43 3363 68 3407 rr
83 3362 265 3406 aerumna
292 3340 460 3423 aegritudo
488 3339 664 3418 laboriosa,
693 3340 803 3404 dolor
830 3339 998 3422 aegritudo
1022 3360 1091 3404 cru·

82 3428 185 3513 cians,
214 3428 442 3492 lamentatio
473 3428 641 3511 aegritudo
671 3450 743 3491 cum
776 3427 909 3508 eiulatu,
942 3426 1091 3491 sollici-

81 3516 177 3581 tudo
201 3515 369 3600 aegritudo
393 3536 466 3581 cum
484 3516 698 3600 cogitatione,
719 3515 904 3580 molestia
923 3512 1098 3597 aegritudo

1116 1819 1129 1880 ἕ

1111 1896 1129 1942 ,t
