2346 3876
318 185 385 241 LIB.
404 184 451 240 111.
480 184 557 239 CAP.
578 191 623 254 18,
644 191 685 239 19.
712 190 727 251 ε
745 191 869 240 11-44.
1033 184 1098 248 373

87 354 205 432 tates,
229 370 322 433 quas
346 369 460 431 supra
479 346 577 411 dixi?
615 347 702 423 Quae
722 349 911 431 sequuntur,
933 347 968 410 in
987 348 1097 412 eadem

89 436 250 502 sententia
269 439 359 518 sunt,
376 439 527 518 totusque
545 436 637 519 liber,
655 434 710 518 qui
728 437 779 499 est
802 434 839 497 de
858 457 984 500 summo
1003 436 1098 519 bono,

86 526 225 590 refertus
248 527 343 589 estet
361 524 467 587 verbis
487 526 520 586 et
538 523 707 588 sententiis
730 523 860 587 talibus
895 521 946 587 Ad
963 523 1098 588 hancine
1117 538 1140 586 41

87 615 189 699 igitur
225 613 327 677 vitam
363 610 572 676 Telamonem
606 611 701 675 illum
732 610 912 695 revocabis,
943 614 980 674 ut
1011 611 1098 675 leves

63 701 339 786 eaegritudinem,
366 704 414 782 et,
441 699 468 763 si
496 721 591 783 quem
613 703 744 764 tuorum
767 698 930 763 adflictum
953 720 1099 763 maerore

88 789 221 874 viderie,
242 789 319 853 huie
337 808 564 870 acupenserem
582 788 690 870 potius
709 809 807 871 quam
828 787 968 870 aliquem
987 785 1099 851 Socra-

86 880 188 944 ticum
215 877 363 941 libellum
390 875 505 939 dabis?
536 875 688 958 hydrauli
719 874 893 940 hortabere
919 880 958 938 ut
989 875 1100 939 audiat

86 988 182 1033 voces
210 965 320 1050 potius
348 985 445 1048 quam
472 962 641 1028 Platonis?
669 985 820 1047 expones,
851 985 933 1048 quae
967 967 1099 1048 spectet,

86 1054 203 1120 florida
225 1057 258 1118 et
280 1052 394 1117 varia?
423 1051 614 1115 fasciculum
637 1051 677 1116 ad
698 1053 788 1117 naris
813 1051 1021 1117 admovebis?
1050 1052 1099 1116 in-

51 1142 201 1208 iocendes
225 1141 339 1206 odores
362 1143 395 1204 et
418 1140 513 1204 sertis
536 1139 681 1204 redimiri
712 1139 838 1205 iubebis
867 1144 900 1205 et
921 1139 1018 1205 rosa?
1065 1138 1100 1204 Si

87 1252 164 1296 vero
190 1229 311 1314 aliquid
335 1229 435 1292 etiam
460 1264 515 1312 —,
538 1231 608 1293 tum
630 1229 727 1311 plane
750 1229 874 1294 luctum
893 1251 1020 1294 omnem
1044 1228 1099 1292 ab·

88 1318 247 1384 sterseris.

152 1405 243 1470 Haec
264 1404 405 1488 Epicuro
430 1406 613 1472 confitenda
642 1409 718 1470 sunt
741 1409 871 1488 autea,
898 1427 979 1489 quae
1002 1405 1097 1470 modo
1110 1376 1140 1439 15

88 1516 240 1580 expressa
264 1494 304 1558 ad
327 1494 461 1559 verbum
484 1494 563 1579 dixi,
589 1493 734 1558 tollenda
757 1493 795 1557 de
825 1492 910 1558 libro
933 1493 985 1558 vel
1008 1497 1098 1558 totus
1117 1455 1140 1502 4<

55 1608 76 1647 1⁵
88 1584 171 1648 liber
197 1582 308 1666 potius
332 1581 536 1668 abiciundus3
559 1585 610 1646 est
632 1582 717 1645 enim
740 1580 902 1646 confertus
925 1581 1099 1664 voluptati-

87 1673 156 1736 bus.
208 1668 432 1746 Quaerendum
460 1670 574 1754 igitur,
607 1691 701 1755 quem
729 1668 769 1735 ad
796 1670 928 1734 modum
961 1667 1099 1752 aegritu-

88 1759 161 1823 dine
185 1759 349 1843 privemus
372 1779 459 1841 eum,
475 1759 537 1854 ¹qui
558 1759 606 1822 ita
629 1758 727 1823 dicat:
813 1823 816 1829 ,

131 1898 264 1981 ...pol
291 1896 385 1962 mr'hi
412 1899 570 1963 fortuna
597 1900 719 1984 magis
742 1920 840 1965 nunc
869 1898 967 1963 defit
989 1900 1099 1981 quam

130 2074 305 2159 Namque
342 2089 501 2159 regnum
537 2078 767 2160 suppetebat
802 2008 1099 2160 mi‚gle11t1u{·cias‚

620 2207 625 2217 ·
700 2169 847 2248 quanto
871 2164 1011 2254 e'loc0,

57 2271 77 2313 11
131 2251 299 2328 Quantis
328 2252 480 2336 opibus,
507 2249 643 2336 quibus
672 2253 714 2316 de
743 2253 857 2317 rebus
884 2253 994 2336 lapsa
1020 2252 1100 2317 for·

731 2344 827 2404 tuna
849 2341 1011 2404 occidat.

87 2497 194 2574 Quid?
221 2497 296 2562 huic
324 2499 408 2563 calix
435 2499 533 2564 mulsi
561 2496 787 2582 impingendus
816 2500 878 2574 est,
907 2502 945 2562 ut
971 2498 1099 2580 plorare

86 2586 226 2668 desinat,
253 2589 310 2651 aut
338 2586 460 2670 aliquid
490 2588 558 2652 eius
587 2586 697 2651 modi?
741 2584 825 2650 Eece
850 2585 912 2649 tibi
935 2607 973 2649 ex
997 2585 1101 2650 altera

85 2678 180 2757 parte
203 2673 244 2738 ab
268 2674 380 2739 codem
402 2678 512 2757 poeta:

128 2814 186 2881 Ex
209 2814 348 2898 opibus
372 2816 528 2880 summis
552 2815 637 2899 opis
662 2835 791 2900 egens,
817 2813 974 2898 Hector,
1004 2819 1100 2882 tuae.

42 2969 71 3018 ²⁵
83 2955 173 3022 Huic
196 2955 366 3021 subvenire
389 2956 554 3042 debemue3
583 2956 709 3041 quaerit
732 2957 818 3020 enim
842 2957 1010 3021 auxilium:

130 3076 231 3156 Quid
251 3083 379 3163 petam
399 3081 570 3165 praesidi
590 3083 654 3144 aut
674 3082 839 3165 exequar
860 3083 980 3164 quove
999 3103 1099 3146 nunc

129 3167 291 3232 Auxilio
314 3170 335 3248 t
359 3169 454 3232 exili
478 3171 544 3232 adt
566 3169 659 3252 fuga
680 3166 782 3232 freta
805 3168 898 3232 sim?

128 3238 228 3320 rlrce
261 3259 297 3319 et
324 3257 415 3320 urbe
444 3257 535 3322 orba
563 3279 653 3321 sum.
698 3255 778 3331 Quo
808 3255 999 3320 siccidam?
1025 3278 1098 3341 quo

795 3343 1008 3428 applicem?

130 3430 203 3499 cui
222 3453 290 3498 nec
313 3454 403 3497 arae
426 3434 579 3517 patriae
606 3433 707 3498 domi
735 3434 853 3514 stant,
879 3431 1029 3497 fractae
1060 3433 1099 3495 et

659 3520 849 3586 disiectae
868 3519 1023 3601 iacent,
