2346 3876
289 157 357 212 ΜΒ.
375 157 423 214 Ν.
451 155 528 210 cAP.
549 163 670 212 21-23.
697 163 855 224 §ss-oa.
1011 157 1076 220 225

62 321 155 405 ipsas
189 341 240 384 res
273 318 482 384 conferamus.
536 318 605 383 Nec
637 320 698 384 hoc
724 318 779 383 ille
807 342 872 384 non
899 321 992 403 vidit,
1020 321 1075 384 scd

62 409 241 472 verborum
269 407 510 491 magnificentia
538 410 588 471 est
614 415 647 470 et
673 407 778 492 gloria
805 407 996 490 delectatus;
1020 409 1075 492 qui

64 497 91 560 si
125 517 178 579 ea,
206 517 287 578 quae
314 494 405 576 dicit,
438 494 484 558 ita
513 495 659 577 sentiret,
691 498 728 558 ut
754 494 854 558 verba
882 496 1075 579 significant,

64 583 144 668 quid
172 583 259 647 inter
288 603 360 646 eum
387 585 420 645 et
445 583 495 646 vel
518 580 719 666 Pyrrhonem
746 584 797 647 vel
820 583 1006 648 Aristonem
1028 585 1075 648 in-

38 669 229 736 ateresset?
257 671 308 734 sin
336 672 444 734 autem
467 691 522 733 eos
549 692 615 734 non
637 670 810 753 probabat,
838 671 914 754 quid
942 671 1075 735 attinuit

66 781 140 824 cum
164 758 220 837 iis,
244 757 434 841 quibuscum
456 779 490 821 re
514 759 718 840 concinebat,
740 758 848 822 verbis
872 758 1074 840 discrepare?

65 847 164 930 Quid,
197 846 226 910 si
258 846 453 910 reviviscant
483 845 630 910 Platonis
667 846 729 928 illi,
766 850 799 910 et
835 846 983 929 deinceps
1020 847 1075 930 qui
1094 860 1123 907 61

65 955 178 1000 eorum
211 933 374 998 auditores
405 934 550 1016 fuerunt,
586 937 619 996 et
654 937 760 999 tecum
797 935 844 997 ita
880 935 1073 1017 loquantur?

68 1021 150 1088 ‘Nes
180 1043 253 1086 cum
279 1025 324 1104 te,
353 1020 397 1086 M.
420 1019 514 1103 Oato,
542 1021 813 1086 studiosissimum
840 1022 1075 1105 philosophiae,

31 1134 54 1174 u
65 1109 284 1188 iustissimum
302 1108 422 1192 virum,
445 1109 604 1192 optimum
622 1110 773 1194 iudicem,
796 1110 1075 1194 religiosissimum

65 1201 200 1279 testem,
232 1196 427 1280 audiremus,
457 1196 606 1262 admirati
634 1220 758 1281 sumus,
790 1198 865 1282 quid
893 1203 992 1281 esset,
1020 1221 1075 1263 cur

65 1285 161 1351 nobis
187 1283 314 1350 Stoicos
339 1285 526 1367 anteferres,
551 1285 606 1368 qui
629 1284 784 1350 derebus
808 1286 902 1351 bonis
926 1291 958 1350 et
980 1287 1074 1351 malis

68 1374 227 1439 sentirent
249 1393 299 1450 ea,
322 1394 403 1456 quae
428 1373 468 1437 ab
491 1373 554 1438 hoc
572 1372 746 1438 Polemone
765 1372 851 1438 Zeno
873 1379 1076 1458 cognoverat,

67 1461 254 1528 nominibus
282 1464 449 1525 uterentur
476 1461 530 1538 iis,
557 1483 638 1544 quae
669 1461 774 1544 prima
802 1462 908 1544 specie
939 1463 1075 1526 admira·

38 1550 205 1632 rationem,
232 1569 266 1612 re
294 1549 454 1632 explicata
481 1548 582 1612 risum
610 1553 784 1613 moverent.
829 1548 878 1613 Tu
903 1551 1025 1631 autem,
1049 1552 1076 1613 si

68 1638 129 1702 tibi
159 1637 219 1701 illa
251 1636 486 1720 probabantur,
518 1657 575 1700 our
605 1659 672 1700 non
703 1636 842 1720 propriis
878 1637 987 1700 verbis
1019 1638 1076 1701 illa

68 1725 226 1796 tenebas?
245 1725 346 1789 sinte
365 1724 541 1789 auctoritas
555 1725 798 1807 commovebat,
818 1725 955 1789 nobisne
974 1726 1076 1789 omni-

68 1814 127 1878 bus
156 1816 192 1877 et
212 1811 345 1878 Platoni
371 1811 435 1896 ipsi
463 1812 691 1896 nescioquem
716 1813 809 1877 illum
833 1813 1075 1896 anteponebas‘?

55 1900 262 1985 ‘praesertim
285 1921 357 1965 curn
380 1901 416 1964 in
436 1921 470 1964 re
493 1900 623 1983 publica
645 1901 795 1985 princeps
820 1923 888 1965 esse
911 1901 1012 1965 velles
1036 1901 1076 1965 ad

43 2009 204 2073 areamque
230 1988 391 2052 tuendam*
411 2009 483 2053 oum
513 2010 639 2053 summa
664 1992 721 2053 tua
749 1989 907 2073 dignitate
937 1990 1082 2053 maxime·

71 2077 213 2143 anobis
241 2076 349 2140 ornari
377 2079 473 2159 atque
500 2076 618 2142 instrui
643 2098 764 2160 posses.
815 2077 848 2141 A
874 2077 968 2142 nobis
992 2078 1077 2142 enim

71 2166 133 2230 ista
165 2164 327 2249 quaesita,
360 2186 379 2228 a
409 2164 505 2230 nobis
537 2165 712 2248 descripta,
747 2168 874 2249 notata,
905 2171 1077 2249 praecepta

72 2258 158 2338 sunt,
182 2252 389 2336 omniumque
412 2253 745 2337 rerumpublicarum
771 2254 923 2318 rectionis
950 2275 1077 2338 genera,

72 2345 191 2426 status,
212 2341 421 2421 mutationes,
449 2341 536 2424 leges
560 2342 657 2405 etiarn
681 2344 713 2405 et
735 2341 888 2404 instituta
911 2363 947 2404 ac
971 2363 1077 2405 mores

43 2430 240 2498 trinitatum
268 2428 523 2513 perscripsimus.
572 2426 785 2512 Eloquentiae
812 2449 903 2507 vero,
935 2450 1017 2511 quae
1046 2433 1078 2491 et

71 2518 271 2603 principibus
289 2517 431 2581 maximo
451 2520 640 2581 ornamento
659 2520 723 2598 est,
746 2519 779 2579 et
797 2518 911 2599 quate
930 2516 1077 2578 audimus

71 2606 178 2671 valere
197 2605 384 2689 plurimum,
409 2609 563 2689 quantum
581 2605 643 2669 tibi
666 2626 705 2669 ex
723 2603 939 2667 monumentis
957 2603 1078 2668 nostris

72 2691 282 2759 addidissesl'
331 2692 382 2757 Ea
405 2714 477 2758 curn
505 2693 674 2776 dixissent,
704 2691 779 2776 quid
801 2691 932 2755 tandem
956 2691 1077 2756 talibus

71 2781 148 2846 viris
178 2779 414 2865 responderes?
467 2781 630 2865 Rogarem
662 2784 709 2863 te,
740 2779 857 2863 inquit,
889 2783 926 2844 ut
957 2780 1077 2845 diceres
1098 2803 1130 2851 ss

37 2879 127 2952 npro
157 2890 209 2932 me
236 2871 273 2932 tu
299 2869 397 2952 idem,
426 2868 481 2952 qui
510 2869 576 2933 illis
600 2869 779 2934 orationem
802 2867 1003 2950 dictavisscs,
1027 2869 1078 2933 vel

72 2958 177 3040 potius
204 2956 337 3041 paulum
363 2956 428 3021 loci
456 2956 549 3039 mihi,
575 2959 612 3020 ut
638 2957 678 3020 iis
705 2956 947 3041 responderem,
976 2957 1078 3038 dares,

72 3045 134 3109 uisi
164 3047 199 3109 et
230 3047 262 3108 te
291 3043 400 3109 audire
427 3066 512 3110 nunc
540 3044 672 3108 mallem
704 3047 736 3107 et
767 3045 840 3109 istis
872 3048 982 3109 tamen
1014 3045 1078 3108 alio

73 3134 215 3219 tempore
233 3153 448 3215 responsurus
468 3154 579 3216 essem,
604 3135 674 3196 tum
693 3133 825 3215 scilicet,
850 3154 923 3196 cum
945 3133 1016 3196 tibi.
1035 3167 1077 3177 -—

136 3220 259 3305 Atque,
291 3220 320 3283 si
351 3241 461 3284 verum
492 3221 684 3303 respondere
717 3221 829 3303 velles,
867 3217 963 3302 (lato,
998 3220 1131 3288 hae023

39 3312 163 3373 nerant
190 3305 339 3390 dicenda,
366 3329 431 3372 non
455 3329 509 3372 eos
536 3308 598 3372 tibi
620 3330 684 3372 non
707 3309 877 3391 probatos,
906 3308 1006 3370 tantis
1030 3308 1077 3369 in·
1114 3316 1120 3325 “

77 3396 176 3476 geniis
203 3395 352 3461 homines
380 3397 536 3480 tantaque
564 3396 769 3478 auctoritate,
797 3395 852 3459 sed
878 3397 911 3456 te
935 3393 1078 3458 animad-

76 3481 218 3566 vertisse,
255 3505 334 3567 quas
366 3505 418 3547 res
450 3483 497 3547 illi
528 3487 662 3568 propter
699 3482 934 3568 antiquitatem
965 3503 1093 3564 parum

124 3593 226 3634 010.st
249 3596 268 3632 1.
843 3593 883 3642 m
