<?xml version="1.0" encoding="UTF-8"?>
<!DOCTYPE html PUBLIC "-//W3C//DTD XHTML 1.0 Transitional//EN"
    "http://www.w3.org/TR/xhtml1/DTD/xhtml1-transitional.dtd">
<html xmlns="http://www.w3.org/1999/xhtml" xml:lang="en" lang="en">
 <head>
  <title>
</title>
<meta http-equiv="Content-Type" content="text/html;charset=utf-8" />
  <meta name='ocr-system' content='tesseract 3.04.00' />
  <meta name='ocr-capabilities' content='ocr_page ocr_carea ocr_par ocr_line ocrx_word'/>
</head>
<body>
  <div class='ocr_page' id='page_1' title='image "./mtulliiciceroni00mlgoog_0294.png"; bbox 0 0 2346 3876; ppageno 0'>
   <div class='ocr_carea' id='block_1_1' title="bbox 202 176 957 248">
    <p class='ocr_par' dir='ltr' id='par_1_1' title="bbox 202 176 957 248">
     <span class='ocr_line' id='line_1_1' title="bbox 202 176 957 248; baseline 0.013 -17"><span class='ocrx_word' id='word_1_1' title='bbox 202 176 270 231; x_wconf 78' lang='lat' dir='ltr'>Lm.</span> <span class='ocrx_word' id='word_1_2' title='bbox 289 177 322 232; x_wconf 80' lang='lat' dir='ltr'>v.</span> <span class='ocrx_word' id='word_1_3' title='bbox 351 177 522 248; x_wconf 69' lang='grc'><strong>111111.</strong></span> <span class='ocrx_word' id='word_1_4' title='bbox 549 183 704 243; x_wconf 74' lang='grc'><strong>111-11.</strong></span> <span class='ocrx_word' id='word_1_5' title='bbox 801 178 803 184; x_wconf 72' lang='lat'><strong><em>‘</em></strong></span> <span class='ocrx_word' id='word_1_6' title='bbox 892 177 957 241; x_wconf 79' lang='lat'>245</span> 
     </span>
    </p>
   </div>
   <div class='ocr_carea' id='block_1_2' title="bbox 33 339 1024 3587">
    <p class='ocr_par' dir='ltr' id='par_1_2' title="bbox 33 339 1024 3587">
     <span class='ocr_line' id='line_1_2' title="bbox 34 339 958 423; baseline 0.004 -22"><span class='ocrx_word' id='word_1_7' title='bbox 34 359 57 401; x_wconf 91' lang='lat' dir='ltr'>n</span> <span class='ocrx_word' id='word_1_8' title='bbox 89 359 147 421; x_wconf 89' lang='lat' dir='ltr'>per</span> <span class='ocrx_word' id='word_1_9' title='bbox 178 360 212 402; x_wconf 90' lang='lat' dir='ltr'>se</span> <span class='ocrx_word' id='word_1_10' title='bbox 244 340 383 422; x_wconf 88' lang='lat' dir='ltr'>primum</span> <span class='ocrx_word' id='word_1_11' title='bbox 416 342 600 423; x_wconf 87' lang='lat' dir='ltr'>appetatur,</span> <span class='ocrx_word' id='word_1_12' title='bbox 637 339 700 404; x_wconf 91' lang='lat' dir='ltr'>hoc</span> <span class='ocrx_word' id='word_1_13' title='bbox 731 342 837 404; x_wconf 92' lang='lat' dir='ltr'>totum</span> <span class='ocrx_word' id='word_1_14' title='bbox 869 343 902 404; x_wconf 87' lang='lat' dir='ltr'>et</span> <span class='ocrx_word' id='word_1_15' title='bbox 933 340 958 405; x_wconf 86' lang='lat' dir='ltr'>ii</span> 
     </span>
     <span class='ocr_line' id='line_1_3' title="bbox 34 425 957 511; baseline 0.003 -22"><span class='ocrx_word' id='word_1_16' title='bbox 34 428 84 508; x_wconf 89' lang='lat' dir='ltr'>nt,</span> <span class='ocrx_word' id='word_1_17' title='bbox 108 425 163 508; x_wconf 91' lang='lat' dir='ltr'>qui</span> <span class='ocrx_word' id='word_1_18' title='bbox 180 427 215 490; x_wconf 92' lang='lat' dir='ltr'>in</span> <span class='ocrx_word' id='word_1_19' title='bbox 232 427 328 491; x_wconf 88' lang='lat' dir='ltr'>rebus</span> <span class='ocrx_word' id='word_1_20' title='bbox 346 426 402 511; x_wconf 91' lang='lat' dir='ltr'>iis,</span> <span class='ocrx_word' id='word_1_21' title='bbox 420 427 455 492; x_wconf 93' lang='lat' dir='ltr'>in</span> <span class='ocrx_word' id='word_1_22' title='bbox 473 428 589 511; x_wconf 87' lang='lat' dir='ltr'>quibus</span> <span class='ocrx_word' id='word_1_23' title='bbox 608 426 690 490; x_wconf 90' lang='lat' dir='ltr'>nihil</span> <span class='ocrx_word' id='word_1_24' title='bbox 710 431 767 491; x_wconf 89' lang='lat' dir='ltr'>aut</span> <span class='ocrx_word' id='word_1_25' title='bbox 783 427 957 492; x_wconf 88' lang='lat' dir='ltr'>honestum</span> 
     </span>
     <span class='ocr_line' id='line_1_4' title="bbox 34 514 958 598; baseline 0.004 -22"><span class='ocrx_word' id='word_1_26' title='bbox 34 516 128 597; x_wconf 91' lang='lat' dir='ltr'>turpe</span> <span class='ocrx_word' id='word_1_27' title='bbox 157 514 214 596; x_wconf 89' lang='lat' dir='ltr'>sit,</span> <span class='ocrx_word' id='word_1_28' title='bbox 240 518 362 598; x_wconf 87' lang='lat' dir='ltr'>negant</span> <span class='ocrx_word' id='word_1_29' title='bbox 389 536 460 579; x_wconf 90' lang='grc'><strong>1111</strong></span> <span class='ocrx_word' id='word_1_30' title='bbox 487 516 586 580; x_wconf 83' lang='lat' dir='ltr'>ullam</span> <span class='ocrx_word' id='word_1_31' title='bbox 614 535 757 598; x_wconf 90' lang='lat' dir='ltr'>eausam,</span> <span class='ocrx_word' id='word_1_32' title='bbox 785 537 840 579; x_wconf 86' lang='lat' dir='ltr'>cur</span> <span class='ocrx_word' id='word_1_33' title='bbox 869 516 958 580; x_wconf 91' lang='lat' dir='ltr'>aliud</span> 
     </span>
     <span class='ocr_line' id='line_1_5' title="bbox 34 603 957 685; baseline 0.003 -21"><span class='ocrx_word' id='word_1_34' title='bbox 34 605 261 685; x_wconf 69' lang='lat' dir='ltr'><strong>anteponatur,</strong></span> <span class='ocrx_word' id='word_1_35' title='bbox 283 624 342 666; x_wconf 88' lang='lat' dir='ltr'>nec</span> <span class='ocrx_word' id='word_1_36' title='bbox 364 603 449 667; x_wconf 88' lang='lat' dir='ltr'>inter</span> <span class='ocrx_word' id='word_1_37' title='bbox 471 625 526 667; x_wconf 90' lang='lat' dir='ltr'>eas</span> <span class='ocrx_word' id='word_1_38' title='bbox 553 624 605 667; x_wconf 88' lang='lat' dir='ltr'>res</span> <span class='ocrx_word' id='word_1_39' title='bbox 631 603 803 685; x_wconf 90' lang='lat' dir='ltr'>quicquam</span> <span class='ocrx_word' id='word_1_40' title='bbox 825 603 957 668; x_wconf 91' lang='lat' dir='ltr'>omnino</span> 
     </span>
     <span class='ocr_line' id='line_1_6' title="bbox 34 689 958 775; baseline 0.002 -23"><span class='ocrx_word' id='word_1_41' title='bbox 34 692 68 752; x_wconf 92' lang='lat' dir='ltr'>nt</span> <span class='ocrx_word' id='word_1_42' title='bbox 95 689 263 773; x_wconf 79' lang='lat' dir='ltr'>interesse,</span> <span class='ocrx_word' id='word_1_43' title='bbox 292 694 324 754; x_wconf 92' lang='lat' dir='ltr'>et</span> <span class='ocrx_word' id='word_1_44' title='bbox 350 689 488 775; x_wconf 85' lang='lat' dir='ltr'>Erillus,</span> <span class='ocrx_word' id='word_1_45' title='bbox 515 691 544 755; x_wconf 91' lang='lat' dir='ltr'>si</span> <span class='ocrx_word' id='word_1_46' title='bbox 570 691 618 755; x_wconf 88' lang='lat' dir='ltr'>ita</span> <span class='ocrx_word' id='word_1_47' title='bbox 640 691 752 772; x_wconf 90' lang='lat' dir='ltr'>sensit,</span> <span class='ocrx_word' id='word_1_48' title='bbox 781 690 864 755; x_wconf 90' lang='lat' dir='ltr'>nihil</span> <span class='ocrx_word' id='word_1_49' title='bbox 886 712 958 755; x_wconf 90' lang='lat' dir='ltr'>esse</span> 
     </span>
     <span class='ocr_line' id='line_1_7' title="bbox 34 778 959 862; baseline 0 -20"><span class='ocrx_word' id='word_1_50' title='bbox 34 799 72 842; x_wconf 90' lang='lat' dir='ltr'>m</span> <span class='ocrx_word' id='word_1_51' title='bbox 96 780 233 860; x_wconf 87' lang='lat' dir='ltr'>praeter</span> <span class='ocrx_word' id='word_1_52' title='bbox 266 779 448 856; x_wconf 89' lang='lat' dir='ltr'>scientiam,</span> <span class='ocrx_word' id='word_1_53' title='bbox 484 800 612 842; x_wconf 91' lang='lat' dir='ltr'>omnem</span> <span class='ocrx_word' id='word_1_54' title='bbox 648 778 776 843; x_wconf 89' lang='lat' dir='ltr'>consilii</span> <span class='ocrx_word' id='word_1_55' title='bbox 813 779 959 862; x_wconf 89' lang='lat' dir='ltr'>capiendi</span> 
     </span>
     <span class='ocr_line' id='line_1_8' title="bbox 34 864 958 949; baseline 0.002 -21"><span class='ocrx_word' id='word_1_56' title='bbox 34 887 83 928; x_wconf 85' lang='grc'><strong>1111</strong></span> <span class='ocrx_word' id='word_1_57' title='bbox 113 866 395 949; x_wconf 78' lang='lat' dir='ltr'>inventionemque</span> <span class='ocrx_word' id='word_1_58' title='bbox 422 866 521 932; x_wconf 82' lang='lat' dir='ltr'>officii</span> <span class='ocrx_word' id='word_1_59' title='bbox 549 866 688 931; x_wconf 74' lang='lat' dir='ltr'>sustulit.</span> <span class='ocrx_word' id='word_1_60' title='bbox 740 864 793 932; x_wconf 82' lang='lat' dir='ltr'>Sic</span> <span class='ocrx_word' id='word_1_61' title='bbox 821 867 958 931; x_wconf 82' lang='lat' dir='ltr'>exclusis</span> 
     </span>
     <span class='ocr_line' id='line_1_9' title="bbox 34 952 958 1038; baseline 0.001 -22"><span class='ocrx_word' id='word_1_62' title='bbox 34 952 122 1017; x_wconf 65' lang='lat' dir='ltr'>antiis</span> <span class='ocrx_word' id='word_1_63' title='bbox 144 953 342 1036; x_wconf 87' lang='lat' dir='ltr'>reliquorum</span> <span class='ocrx_word' id='word_1_64' title='bbox 365 975 438 1018; x_wconf 91' lang='lat' dir='ltr'>cum</span> <span class='ocrx_word' id='word_1_65' title='bbox 459 958 627 1038; x_wconf 88' lang='lat' dir='ltr'>praeterea</span> <span class='ocrx_word' id='word_1_66' title='bbox 644 954 736 1019; x_wconf 87' lang='lat' dir='ltr'>nulla</span> <span class='ocrx_word' id='word_1_67' title='bbox 754 976 824 1019; x_wconf 90' lang='lat' dir='ltr'>esse</span> <span class='ocrx_word' id='word_1_68' title='bbox 845 954 958 1038; x_wconf 89' lang='lat' dir='ltr'>possit,</span> 
     </span>
     <span class='ocr_line' id='line_1_10' title="bbox 60 1041 959 1127; baseline 0.001 -22"><span class='ocrx_word' id='word_1_69' title='bbox 60 1041 266 1125; x_wconf 89' lang='lat' dir='ltr'>antiquorum</span> <span class='ocrx_word' id='word_1_70' title='bbox 288 1043 396 1106; x_wconf 86' lang='lat' dir='ltr'>valeat</span> <span class='ocrx_word' id='word_1_71' title='bbox 416 1063 545 1106; x_wconf 88' lang='lat' dir='ltr'>necesse</span> <span class='ocrx_word' id='word_1_72' title='bbox 569 1047 626 1106; x_wconf 90' lang='lat' dir='ltr'>est.</span> <span class='ocrx_word' id='word_1_73' title='bbox 670 1041 777 1127; x_wconf 82' lang='lat' dir='ltr'>Igitur</span> <span class='ocrx_word' id='word_1_74' title='bbox 806 1043 959 1108; x_wconf 90' lang='lat' dir='ltr'>instituto</span> 
     </span>
     <span class='ocr_line' id='line_1_11' title="bbox 34 1127 958 1215; baseline 0.002 -23"><span class='ocrx_word' id='word_1_75' title='bbox 34 1151 112 1210; x_wconf 90' lang='lat' dir='ltr'>um,</span> <span class='ocrx_word' id='word_1_76' title='bbox 145 1151 208 1212; x_wconf 92' lang='lat' dir='ltr'>quo</span> <span class='ocrx_word' id='word_1_77' title='bbox 240 1128 338 1193; x_wconf 87' lang='lat' dir='ltr'>etiam</span> <span class='ocrx_word' id='word_1_78' title='bbox 370 1127 471 1194; x_wconf 83' lang='lat' dir='ltr'>Stoici</span> <span class='ocrx_word' id='word_1_79' title='bbox 501 1133 653 1214; x_wconf 89' lang='lat' dir='ltr'>utuntur,</span> <span class='ocrx_word' id='word_1_80' title='bbox 685 1131 761 1195; x_wconf 92' lang='lat' dir='ltr'>hinc</span> <span class='ocrx_word' id='word_1_81' title='bbox 793 1131 958 1215; x_wconf 86' lang='lat' dir='ltr'>capiamus</span> 
     </span>
     <span class='ocr_line' id='line_1_12' title="bbox 34 1179 126 1280; baseline 0 0"><span class='ocrx_word' id='word_1_82' title='bbox 34 1179 126 1280; x_wconf 84' lang='lat' dir='ltr'>liuni.</span> 
     </span>
     <span class='ocr_line' id='line_1_13' title="bbox 34 1268 1011 1394; baseline 0.007 -26"><span class='ocrx_word' id='word_1_83' title='bbox 34 1305 120 1369; x_wconf 70' lang='lat' dir='ltr'>inme</span> <span class='ocrx_word' id='word_1_84' title='bbox 139 1305 261 1369; x_wconf 86' lang='lat' dir='ltr'>animal</span> <span class='ocrx_word' id='word_1_85' title='bbox 279 1327 313 1370; x_wconf 91' lang='lat' dir='ltr'>se</span> <span class='ocrx_word' id='word_1_86' title='bbox 331 1305 438 1389; x_wconf 87' lang='lat' dir='ltr'>ipsum</span> <span class='ocrx_word' id='word_1_87' title='bbox 456 1306 566 1392; x_wconf 83' lang='lat' dir='ltr'>diligit</span> <span class='ocrx_word' id='word_1_88' title='bbox 583 1329 635 1392; x_wconf 89' lang='lat' dir='ltr'>ae,</span> <span class='ocrx_word' id='word_1_89' title='bbox 658 1308 819 1372; x_wconf 90' lang='lat' dir='ltr'>simult</span> <span class='ocrx_word' id='word_1_90' title='bbox 773 1311 819 1390; x_wconf 90' lang='lat' dir='ltr'>[et</span> <span class='ocrx_word' id='word_1_91' title='bbox 820 1311 832 1389; x_wconf 89' lang='lat'>]</span> <span class='ocrx_word' id='word_1_92' title='bbox 852 1312 958 1374; x_wconf 85' lang='lat' dir='ltr'>ortum</span> <span class='ocrx_word' id='word_1_93' title='bbox 976 1268 1011 1394; x_wconf 74' lang='lat'>294</span> 
     </span>
     <span class='ocr_line' id='line_1_14' title="bbox 42 1392 958 1545; baseline 0.007 -89"><span class='ocrx_word' id='word_1_94' title='bbox 42 1392 76 1456; x_wconf 92' lang='lat' dir='ltr'>id</span> <span class='ocrx_word' id='word_1_95' title='bbox 100 1394 181 1545; x_wconf 82' lang='lat' dir='ltr'>agit,</span> <span class='ocrx_word' id='word_1_96' title='bbox 155 1397 247 1457; x_wconf 92' lang='lat' dir='ltr'>tut</span> <span class='ocrx_word' id='word_1_97' title='bbox 269 1415 302 1458; x_wconf 90' lang='lat' dir='ltr'>se</span> <span class='ocrx_word' id='word_1_98' title='bbox 326 1397 505 1478; x_wconf 87' lang='lat' dir='ltr'>conservet,</span> <span class='ocrx_word' id='word_1_99' title='bbox 535 1395 619 1479; x_wconf 91' lang='lat' dir='ltr'>quod</span> <span class='ocrx_word' id='word_1_100' title='bbox 641 1394 746 1460; x_wconf 90' lang='lat' dir='ltr'>hic&#39;</span> <span class='ocrx_word' id='word_1_101' title='bbox 718 1418 748 1459; x_wconf 91' lang='lat' dir='ltr'>e1</span> <span class='ocrx_word' id='word_1_102' title='bbox 770 1397 894 1480; x_wconf 89' lang='lat' dir='ltr'>primus</span> <span class='ocrx_word' id='word_1_103' title='bbox 917 1397 958 1462; x_wconf 90' lang='lat' dir='ltr'>ad</span> 
     </span>
     <span class='ocr_line' id='line_1_15' title="bbox 34 1483 958 1568; baseline 0.003 -23.046"><span class='ocrx_word' id='word_1_104' title='bbox 34 1504 80 1545; x_wconf 84' lang='lat' dir='ltr'>em</span> <span class='ocrx_word' id='word_1_105' title='bbox 109 1483 209 1545; x_wconf 85' lang='lat' dir='ltr'>vitam</span> <span class='ocrx_word' id='word_1_106' title='bbox 236 1483 390 1546; x_wconf 89' lang='lat' dir='ltr'>tuendam</span> <span class='ocrx_word' id='word_1_107' title='bbox 418 1483 580 1566; x_wconf 88' lang='lat' dir='ltr'>appetitus</span> <span class='ocrx_word' id='word_1_108' title='bbox 608 1487 768 1548; x_wconf 79' lang='lat' dir='ltr'>enatura</span> <span class='ocrx_word' id='word_1_109' title='bbox 790 1484 896 1568; x_wconf 88' lang='lat' dir='ltr'>datur,</span> <span class='ocrx_word' id='word_1_110' title='bbox 924 1506 958 1548; x_wconf 93' lang='lat' dir='ltr'>se</span> 
     </span>
     <span class='ocr_line' id='line_1_16' title="bbox 34 1570 958 1654; baseline 0.001 -20"><span class='ocrx_word' id='word_1_111' title='bbox 34 1573 180 1634; x_wconf 89' lang='lat' dir='ltr'>onservet</span> <span class='ocrx_word' id='word_1_112' title='bbox 202 1570 348 1654; x_wconf 91' lang='lat' dir='ltr'>atquet</span> <span class='ocrx_word' id='word_1_113' title='bbox 322 1592 369 1634; x_wconf 92' lang='grc'>11</span> <span class='ocrx_word' id='word_1_114' title='bbox 395 1570 439 1634; x_wconf 82' lang='grc'>111</span> <span class='ocrx_word' id='word_1_115' title='bbox 461 1571 623 1654; x_wconf 86' lang='lat' dir='ltr'>affectum,</span> <span class='ocrx_word' id='word_1_116' title='bbox 646 1576 683 1635; x_wconf 92' lang='lat' dir='ltr'>ut</span> <span class='ocrx_word' id='word_1_117' title='bbox 704 1571 828 1654; x_wconf 90' lang='lat' dir='ltr'>optime</span> <span class='ocrx_word' id='word_1_118' title='bbox 848 1592 958 1636; x_wconf 91' lang='lat' dir='ltr'>secun·</span> 
     </span>
     <span class='ocr_line' id='line_1_17' title="bbox 54 1657 959 1742; baseline 0 -20"><span class='ocrx_word' id='word_1_119' title='bbox 54 1661 205 1722; x_wconf 87' lang='lat' dir='ltr'>naturam</span> <span class='ocrx_word' id='word_1_120' title='bbox 233 1658 382 1722; x_wconf 83' lang='lat' dir='ltr'>affectum</span> <span class='ocrx_word' id='word_1_121' title='bbox 413 1680 482 1723; x_wconf 86' lang='lat' dir='ltr'>esse</span> <span class='ocrx_word' id='word_1_122' title='bbox 509 1658 623 1742; x_wconf 86' lang='lat' dir='ltr'>possit</span> <span class='ocrx_word' id='word_1_123' title='bbox 674 1657 769 1723; x_wconf 89' lang='lat' dir='ltr'>Hanc</span> <span class='ocrx_word' id='word_1_124' title='bbox 796 1658 890 1723; x_wconf 90' lang='lat' dir='ltr'>initio</span> <span class='ocrx_word' id='word_1_125' title='bbox 913 1659 959 1722; x_wconf 87' lang='lat' dir='ltr'>in-</span> 
     </span>
     <span class='ocr_line' id='line_1_18' title="bbox 33 1745 958 1830; baseline 0.001 -22"><span class='ocrx_word' id='word_1_126' title='bbox 33 1745 158 1811; x_wconf 91' lang='lat' dir='ltr'>tionem</span> <span class='ocrx_word' id='word_1_127' title='bbox 186 1745 351 1811; x_wconf 84' lang='lat' dir='ltr'>confusam</span> <span class='ocrx_word' id='word_1_128' title='bbox 378 1745 478 1812; x_wconf 86' lang='lat' dir='ltr'>habet</span> <span class='ocrx_word' id='word_1_129' title='bbox 505 1750 538 1811; x_wconf 89' lang='lat' dir='ltr'>et</span> <span class='ocrx_word' id='word_1_130' title='bbox 564 1747 734 1830; x_wconf 89' lang='lat' dir='ltr'>incertam,</span> <span class='ocrx_word' id='word_1_131' title='bbox 766 1749 803 1810; x_wconf 86' lang='lat' dir='ltr'>ut</span> <span class='ocrx_word' id='word_1_132' title='bbox 830 1748 958 1810; x_wconf 89' lang='lat' dir='ltr'>tantum</span> 
     </span>
     <span class='ocr_line' id='line_1_19' title="bbox 34 1833 959 1918; baseline 0 -20"><span class='ocrx_word' id='word_1_133' title='bbox 34 1855 48 1898; x_wconf 80' lang='lat' dir='ltr'>u</span> <span class='ocrx_word' id='word_1_134' title='bbox 73 1855 106 1897; x_wconf 89' lang='grc'>11</span> <span class='ocrx_word' id='word_1_135' title='bbox 129 1836 272 1918; x_wconf 90' lang='lat' dir='ltr'>tueatur,</span> <span class='ocrx_word' id='word_1_136' title='bbox 300 1836 531 1918; x_wconf 78' lang='lat' dir='ltr'>qualecumque</span> <span class='ocrx_word' id='word_1_137' title='bbox 558 1835 615 1918; x_wconf 90' lang='lat' dir='ltr'>sit,</span> <span class='ocrx_word' id='word_1_138' title='bbox 645 1834 701 1899; x_wconf 88' lang='lat' dir='ltr'>sed</span> <span class='ocrx_word' id='word_1_139' title='bbox 727 1855 787 1900; x_wconf 92' lang='lat' dir='ltr'>nec</span> <span class='ocrx_word' id='word_1_140' title='bbox 809 1833 886 1917; x_wconf 91' lang='lat' dir='ltr'>quid</span> <span class='ocrx_word' id='word_1_141' title='bbox 914 1834 959 1898; x_wconf 91' lang='lat' dir='ltr'>sit</span> 
     </span>
     <span class='ocr_line' id='line_1_20' title="bbox 34 1921 958 2006; baseline 0.001 -21"><span class='ocrx_word' id='word_1_142' title='bbox 34 1921 111 2004; x_wconf 92' lang='lat' dir='ltr'>quid</span> <span class='ocrx_word' id='word_1_143' title='bbox 134 1923 252 2006; x_wconf 87' lang='lat' dir='ltr'>possit,</span> <span class='ocrx_word' id='word_1_144' title='bbox 274 1944 334 1986; x_wconf 90' lang='lat' dir='ltr'>nec</span> <span class='ocrx_word' id='word_1_145' title='bbox 353 1923 429 2006; x_wconf 91' lang='lat' dir='ltr'>quid</span> <span class='ocrx_word' id='word_1_146' title='bbox 447 1922 549 2006; x_wconf 90' lang='lat' dir='ltr'>ipsius</span> <span class='ocrx_word' id='word_1_147' title='bbox 568 1925 687 1987; x_wconf 85' lang='lat' dir='ltr'>natura</span> <span class='ocrx_word' id='word_1_148' title='bbox 707 1922 764 2004; x_wconf 92' lang='lat' dir='ltr'>sit,</span> <span class='ocrx_word' id='word_1_149' title='bbox 787 1921 958 2006; x_wconf 81' lang='lat' dir='ltr'>intellegit.</span> 
     </span>
     <span class='ocr_line' id='line_1_21' title="bbox 61 2010 958 2095; baseline 0.001 -23"><span class='ocrx_word' id='word_1_150' title='bbox 61 2011 169 2073; x_wconf 89' lang='lat' dir='ltr'>autem</span> <span class='ocrx_word' id='word_1_151' title='bbox 200 2010 359 2094; x_wconf 89' lang='lat' dir='ltr'>processit</span> <span class='ocrx_word' id='word_1_152' title='bbox 385 2011 518 2095; x_wconf 91' lang='lat' dir='ltr'>paulum</span> <span class='ocrx_word' id='word_1_153' title='bbox 553 2015 599 2094; x_wconf 90' lang='lat' dir='ltr'>et,</span> <span class='ocrx_word' id='word_1_154' title='bbox 631 2013 789 2094; x_wconf 88' lang='lat' dir='ltr'>quatenus</span> <span class='ocrx_word' id='word_1_155' title='bbox 821 2010 958 2093; x_wconf 89' lang='lat' dir='ltr'>quidque</span> 
     </span>
     <span class='ocr_line' id='line_1_22' title="bbox 34 2097 959 2182; baseline 0.001 -22"><span class='ocrx_word' id='word_1_156' title='bbox 34 2097 154 2182; x_wconf 85' lang='lat' dir='ltr'>ttingat</span> <span class='ocrx_word' id='word_1_157' title='bbox 172 2098 212 2162; x_wconf 90' lang='lat' dir='ltr'>ad</span> <span class='ocrx_word' id='word_1_158' title='bbox 234 2120 330 2181; x_wconf 88' lang='lat' dir='ltr'>seque</span> <span class='ocrx_word' id='word_1_159' title='bbox 352 2099 527 2182; x_wconf 88' lang='lat' dir='ltr'>pertineat,</span> <span class='ocrx_word' id='word_1_160' title='bbox 549 2099 730 2182; x_wconf 82' lang='lat' dir='ltr'>perspicere</span> <span class='ocrx_word' id='word_1_161' title='bbox 750 2098 867 2181; x_wconf 89' lang='lat' dir='ltr'>coepit,</span> <span class='ocrx_word' id='word_1_162' title='bbox 889 2101 959 2162; x_wconf 91' lang='lat' dir='ltr'>tum</span> 
     </span>
     <span class='ocr_line' id='line_1_23' title="bbox 34 2185 959 2271; baseline 0.001 -23"><span class='ocrx_word' id='word_1_163' title='bbox 34 2185 74 2248; x_wconf 86' lang='lat' dir='ltr'>im</span> <span class='ocrx_word' id='word_1_164' title='bbox 106 2185 222 2268; x_wconf 82' lang='lat' dir='ltr'>incipit</span> <span class='ocrx_word' id='word_1_165' title='bbox 253 2187 404 2270; x_wconf 83' lang='lat' dir='ltr'>progredi</span> <span class='ocrx_word' id='word_1_166' title='bbox 436 2207 568 2270; x_wconf 87' lang='lat' dir='ltr'>seseque</span> <span class='ocrx_word' id='word_1_167' title='bbox 601 2207 774 2271; x_wconf 79' lang='lat' dir='ltr'>agnoscere</span> <span class='ocrx_word' id='word_1_168' title='bbox 802 2191 835 2250; x_wconf 90' lang='lat' dir='ltr'>et</span> <span class='ocrx_word' id='word_1_169' title='bbox 864 2186 959 2250; x_wconf 90' lang='lat' dir='ltr'>intel-</span> 
     </span>
     <span class='ocr_line' id='line_1_24' title="bbox 34 2273 960 2358; baseline -0.001 -21"><span class='ocrx_word' id='word_1_170' title='bbox 34 2296 73 2356; x_wconf 64' lang='grc'>11,</span> <span class='ocrx_word' id='word_1_171' title='bbox 97 2296 193 2356; x_wconf 90' lang='lat' dir='ltr'>quam</span> <span class='ocrx_word' id='word_1_172' title='bbox 216 2273 258 2338; x_wconf 90' lang='lat' dir='ltr'>ob</span> <span class='ocrx_word' id='word_1_173' title='bbox 282 2295 412 2338; x_wconf 88' lang='lat' dir='ltr'>causam</span> <span class='ocrx_word' id='word_1_174' title='bbox 437 2273 556 2339; x_wconf 88' lang='lat' dir='ltr'>habeat</span> <span class='ocrx_word' id='word_1_175' title='bbox 579 2296 665 2358; x_wconf 93' lang='lat' dir='ltr'>eum,</span> <span class='ocrx_word' id='word_1_176' title='bbox 693 2295 789 2358; x_wconf 91' lang='lat' dir='ltr'>quem</span> <span class='ocrx_word' id='word_1_177' title='bbox 812 2273 960 2356; x_wconf 87' lang='lat' dir='ltr'>diximus,</span> 
     </span>
     <span class='ocr_line' id='line_1_25' title="bbox 34 2362 960 2445; baseline 0 -21"><span class='ocrx_word' id='word_1_178' title='bbox 34 2362 52 2424; x_wconf 75' lang='lat' dir='ltr'>ii</span> <span class='ocrx_word' id='word_1_179' title='bbox 92 2363 287 2445; x_wconf 88' lang='lat' dir='ltr'>appetitum,</span> <span class='ocrx_word' id='word_1_180' title='bbox 324 2365 515 2445; x_wconf 83' lang='lat' dir='ltr'>coeptatque</span> <span class='ocrx_word' id='word_1_181' title='bbox 552 2367 585 2426; x_wconf 89' lang='lat' dir='ltr'>et</span> <span class='ocrx_word' id='word_1_182' title='bbox 620 2383 670 2444; x_wconf 87' lang='lat' dir='ltr'>ea,</span> <span class='ocrx_word' id='word_1_183' title='bbox 707 2382 787 2444; x_wconf 90' lang='lat' dir='ltr'>quae</span> <span class='ocrx_word' id='word_1_184' title='bbox 823 2364 960 2425; x_wconf 88' lang='lat' dir='ltr'>naturae</span> 
     </span>
     <span class='ocr_line' id='line_1_26' title="bbox 34 2447 958 2533; baseline 0.001 -22"><span class='ocrx_word' id='word_1_185' title='bbox 34 2453 54 2512; x_wconf 91' lang='lat' dir='ltr'>t</span> <span class='ocrx_word' id='word_1_186' title='bbox 82 2452 170 2532; x_wconf 90' lang='lat' dir='ltr'>apta,</span> <span class='ocrx_word' id='word_1_187' title='bbox 198 2453 347 2533; x_wconf 87' lang='lat' dir='ltr'>appetere</span> <span class='ocrx_word' id='word_1_188' title='bbox 375 2453 408 2513; x_wconf 91' lang='lat' dir='ltr'>et</span> <span class='ocrx_word' id='word_1_189' title='bbox 434 2450 622 2533; x_wconf 87' lang='lat' dir='ltr'>propulsare</span> <span class='ocrx_word' id='word_1_190' title='bbox 650 2448 819 2513; x_wconf 89' lang='lat' dir='ltr'>contraria.</span> <span class='ocrx_word' id='word_1_191' title='bbox 869 2447 958 2532; x_wconf 81' lang='lat' dir='ltr'>Ergo</span> 
     </span>
     <span class='ocr_line' id='line_1_27' title="bbox 34 2534 959 2621; baseline -0.001 -22"><span class='ocrx_word' id='word_1_192' title='bbox 34 2537 42 2599; x_wconf 92' lang='lat' dir='ltr'>i</span> <span class='ocrx_word' id='word_1_193' title='bbox 66 2537 200 2601; x_wconf 89' lang='lat' dir='ltr'>animali</span> <span class='ocrx_word' id='word_1_194' title='bbox 222 2537 316 2621; x_wconf 88' lang='lat' dir='ltr'>illud,</span> <span class='ocrx_word' id='word_1_195' title='bbox 339 2538 425 2619; x_wconf 92' lang='lat' dir='ltr'>quod</span> <span class='ocrx_word' id='word_1_196' title='bbox 448 2537 587 2621; x_wconf 87' lang='lat' dir='ltr'>appetit,</span> <span class='ocrx_word' id='word_1_197' title='bbox 612 2535 753 2619; x_wconf 89' lang='lat' dir='ltr'>positum</span> <span class='ocrx_word' id='word_1_198' title='bbox 777 2538 827 2599; x_wconf 86' lang='lat' dir='ltr'>est</span> <span class='ocrx_word' id='word_1_199' title='bbox 854 2534 889 2598; x_wconf 95' lang='lat' dir='ltr'>in</span> <span class='ocrx_word' id='word_1_200' title='bbox 912 2555 959 2616; x_wconf 92' lang='lat' dir='ltr'>eo,</span> 
     </span>
     <span class='ocr_line' id='line_1_28' title="bbox 34 2622 959 2690; baseline -0.002 -3"><span class='ocrx_word' id='word_1_201' title='bbox 34 2628 196 2689; x_wconf 82' lang='lat' dir='ltr'>‚naturae</span> <span class='ocrx_word' id='word_1_202' title='bbox 218 2629 269 2689; x_wconf 91' lang='lat' dir='ltr'>est</span> <span class='ocrx_word' id='word_1_203' title='bbox 290 2626 576 2690; x_wconf 88' lang='lat' dir='ltr'>accommodatum.</span> <span class='ocrx_word' id='word_1_204' title='bbox 620 2623 673 2687; x_wconf 86' lang='lat' dir='ltr'>Ita</span> <span class='ocrx_word' id='word_1_205' title='bbox 700 2622 774 2686; x_wconf 89' lang='lat' dir='ltr'>finis</span> <span class='ocrx_word' id='word_1_206' title='bbox 798 2622 959 2686; x_wconf 89' lang='lat' dir='ltr'>bonorum</span> 
     </span>
     <span class='ocr_line' id='line_1_29' title="bbox 34 2709 960 2794; baseline 0 -21"><span class='ocrx_word' id='word_1_207' title='bbox 34 2712 82 2775; x_wconf 81' lang='lat' dir='ltr'>tit</span> <span class='ocrx_word' id='word_1_208' title='bbox 113 2713 286 2777; x_wconf 91' lang='lat' dir='ltr'>secundum</span> <span class='ocrx_word' id='word_1_209' title='bbox 317 2717 467 2778; x_wconf 87' lang='lat' dir='ltr'>naturam</span> <span class='ocrx_word' id='word_1_210' title='bbox 500 2713 604 2777; x_wconf 85' lang='lat' dir='ltr'>vivere</span> <span class='ocrx_word' id='word_1_211' title='bbox 634 2711 682 2775; x_wconf 70' lang='lat' dir='ltr'>&#39;sic</span> <span class='ocrx_word' id='word_1_212' title='bbox 720 2709 885 2794; x_wconf 85' lang='lat' dir='ltr'>affectum,</span> <span class='ocrx_word' id='word_1_213' title='bbox 922 2713 960 2774; x_wconf 88' lang='lat' dir='ltr'>ut</span> 
     </span>
     <span class='ocr_line' id='line_1_30' title="bbox 33 2798 959 2884; baseline 0 -21"><span class='ocrx_word' id='word_1_214' title='bbox 33 2821 76 2863; x_wconf 92' lang='lat' dir='ltr'>ne</span> <span class='ocrx_word' id='word_1_215' title='bbox 99 2800 185 2864; x_wconf 85' lang='lat' dir='ltr'>affici</span> <span class='ocrx_word' id='word_1_216' title='bbox 208 2800 313 2882; x_wconf 89' lang='lat' dir='ltr'>possit</span> <span class='ocrx_word' id='word_1_217' title='bbox 331 2800 371 2864; x_wconf 87' lang='lat' dir='ltr'>ad</span> <span class='ocrx_word' id='word_1_218' title='bbox 389 2803 600 2884; x_wconf 86' lang='lat' dir='ltr'>naturamque</span> <span class='ocrx_word' id='word_1_219' title='bbox 619 2798 959 2863; x_wconf 85' lang='lat' dir='ltr'>accommodatissime.</span> 
     </span>
     <span class='ocr_line' id='line_1_31' title="bbox 34 2885 1012 2971; baseline 0.005 -21"><span class='ocrx_word' id='word_1_220' title='bbox 34 2887 114 2951; x_wconf 81' lang='lat' dir='ltr'>riam</span> <span class='ocrx_word' id='word_1_221' title='bbox 146 2892 254 2951; x_wconf 88' lang='lat' dir='ltr'>autem</span> <span class='ocrx_word' id='word_1_222' title='bbox 282 2910 340 2952; x_wconf 91' lang='lat' dir='ltr'>sua</span> <span class='ocrx_word' id='word_1_223' title='bbox 368 2889 518 2971; x_wconf 91' lang='lat' dir='ltr'>cuiusque</span> <span class='ocrx_word' id='word_1_224' title='bbox 551 2885 725 2951; x_wconf 89' lang='lat' dir='ltr'>animantis</span> <span class='ocrx_word' id='word_1_225' title='bbox 752 2888 871 2951; x_wconf 88' lang='lat' dir='ltr'>natura</span> <span class='ocrx_word' id='word_1_226' title='bbox 901 2890 958 2970; x_wconf 88' lang='lat' dir='ltr'>est,</span> <span class='ocrx_word' id='word_1_227' title='bbox 977 2905 1012 2954; x_wconf 79' lang='lat'>25</span> 
     </span>
     <span class='ocr_line' id='line_1_32' title="bbox 34 2974 960 3059; baseline -0.001 -19"><span class='ocrx_word' id='word_1_228' title='bbox 34 2997 85 3040; x_wconf 88' lang='lat' dir='ltr'>sse</span> <span class='ocrx_word' id='word_1_229' title='bbox 122 2979 171 3039; x_wconf 91' lang='lat' dir='ltr'>est</span> <span class='ocrx_word' id='word_1_230' title='bbox 206 2976 302 3039; x_wconf 90' lang='lat' dir='ltr'>finem</span> <span class='ocrx_word' id='word_1_231' title='bbox 342 2997 467 3059; x_wconf 91' lang='lat' dir='ltr'>quoque</span> <span class='ocrx_word' id='word_1_232' title='bbox 503 2975 647 3040; x_wconf 89' lang='lat' dir='ltr'>omnium</span> <span class='ocrx_word' id='word_1_233' title='bbox 681 2974 766 3039; x_wconf 88' lang='lat' dir='ltr'>hunc</span> <span class='ocrx_word' id='word_1_234' title='bbox 803 2996 885 3059; x_wconf 87' lang='lat' dir='ltr'>csse,</span> <span class='ocrx_word' id='word_1_235' title='bbox 923 2978 960 3039; x_wconf 89' lang='lat' dir='ltr'>ut</span> 
     </span>
     <span class='ocr_line' id='line_1_33' title="bbox 33 3060 959 3147; baseline 0 -21"><span class='ocrx_word' id='word_1_236' title='bbox 33 3084 71 3127; x_wconf 88' lang='lat' dir='ltr'>ra</span> <span class='ocrx_word' id='word_1_237' title='bbox 98 3063 264 3145; x_wconf 85' lang='lat' dir='ltr'>expleatur</span> <span class='ocrx_word' id='word_1_238' title='bbox 290 3060 387 3147; x_wconf 91' lang='lat' dir='ltr'>(nihil</span> <span class='ocrx_word' id='word_1_239' title='bbox 415 3063 500 3127; x_wconf 90' lang='lat' dir='ltr'>enim</span> <span class='ocrx_word' id='word_1_240' title='bbox 526 3062 679 3146; x_wconf 88' lang='lat' dir='ltr'>prohibet</span> <span class='ocrx_word' id='word_1_241' title='bbox 710 3063 866 3147; x_wconf 88' lang='lat' dir='ltr'>quaedam</span> <span class='ocrx_word' id='word_1_242' title='bbox 889 3084 959 3127; x_wconf 88' lang='lat' dir='ltr'>esse</span> 
     </span>
     <span class='ocr_line' id='line_1_34' title="bbox 34 3149 959 3234; baseline 0 -20"><span class='ocrx_word' id='word_1_243' title='bbox 34 3154 94 3215; x_wconf 87' lang='grc'><strong>1111</strong></span> <span class='ocrx_word' id='word_1_244' title='bbox 117 3173 151 3214; x_wconf 89' lang='grc'>11</span> <span class='ocrx_word' id='word_1_245' title='bbox 174 3151 366 3216; x_wconf 86' lang='lat' dir='ltr'>animalibus</span> <span class='ocrx_word' id='word_1_246' title='bbox 390 3151 522 3234; x_wconf 90' lang='lat' dir='ltr'>reliquis</span> <span class='ocrx_word' id='word_1_247' title='bbox 547 3154 580 3215; x_wconf 89' lang='grc'>11</span> <span class='ocrx_word' id='word_1_248' title='bbox 602 3173 675 3215; x_wconf 88' lang='lat' dir='ltr'>cum</span> <span class='ocrx_word' id='word_1_249' title='bbox 697 3150 811 3215; x_wconf 90' lang='lat' dir='ltr'>bestiis</span> <span class='ocrx_word' id='word_1_250' title='bbox 835 3149 959 3214; x_wconf 91' lang='lat' dir='ltr'>homini</span> 
     </span>
     <span class='ocr_line' id='line_1_35' title="bbox 34 3235 959 3322; baseline -0.001 -20"><span class='ocrx_word' id='word_1_251' title='bbox 34 3239 149 3320; x_wconf 86' lang='lat' dir='ltr'>nunic,</span> <span class='ocrx_word' id='word_1_252' title='bbox 177 3239 330 3322; x_wconf 87' lang='lat' dir='ltr'>quoniam</span> <span class='ocrx_word' id='word_1_253' title='bbox 359 3238 503 3304; x_wconf 90' lang='lat' dir='ltr'>omnium</span> <span class='ocrx_word' id='word_1_254' title='bbox 530 3242 580 3302; x_wconf 89' lang='lat' dir='ltr'>est</span> <span class='ocrx_word' id='word_1_255' title='bbox 606 3242 725 3303; x_wconf 85' lang='lat' dir='ltr'>natura</span> <span class='ocrx_word' id='word_1_256' title='bbox 755 3235 959 3320; x_wconf 89' lang='lat' dir='ltr'>communis),</span> 
     </span>
     <span class='ocr_line' id='line_1_36' title="bbox 41 3325 959 3410; baseline -0.004 -20"><span class='ocrx_word' id='word_1_257' title='bbox 41 3330 185 3391; x_wconf 84' lang='lat' dir='ltr'>extrema</span> <span class='ocrx_word' id='word_1_258' title='bbox 216 3327 273 3390; x_wconf 89' lang='lat' dir='ltr'>illa</span> <span class='ocrx_word' id='word_1_259' title='bbox 305 3330 339 3390; x_wconf 93' lang='lat' dir='ltr'>et</span> <span class='ocrx_word' id='word_1_260' title='bbox 369 3348 508 3410; x_wconf 89' lang='lat' dir='ltr'>summa,</span> <span class='ocrx_word' id='word_1_261' title='bbox 540 3346 621 3410; x_wconf 87' lang='lat' dir='ltr'>quae</span> <span class='ocrx_word' id='word_1_262' title='bbox 649 3325 845 3409; x_wconf 86' lang='lat' dir='ltr'>quaerimus,</span> <span class='ocrx_word' id='word_1_263' title='bbox 874 3325 959 3387; x_wconf 89' lang='lat' dir='ltr'>inter</span> 
     </span>
     <span class='ocr_line' id='line_1_37' title="bbox 34 3412 961 3498; baseline -0.005 -20"><span class='ocrx_word' id='word_1_264' title='bbox 34 3414 144 3478; x_wconf 72' lang='lat' dir='ltr'>talium</span> <span class='ocrx_word' id='word_1_265' title='bbox 171 3433 290 3497; x_wconf 87' lang='lat' dir='ltr'>genera</span> <span class='ocrx_word' id='word_1_266' title='bbox 318 3414 470 3479; x_wconf 87' lang='lat' dir='ltr'>distincta</span> <span class='ocrx_word' id='word_1_267' title='bbox 497 3417 530 3478; x_wconf 86' lang='lat' dir='ltr'>et</span> <span class='ocrx_word' id='word_1_268' title='bbox 556 3413 727 3498; x_wconf 86' lang='lat' dir='ltr'>dispertita</span> <span class='ocrx_word' id='word_1_269' title='bbox 754 3412 820 3476; x_wconf 90' lang='lat' dir='ltr'>sint</span> <span class='ocrx_word' id='word_1_270' title='bbox 844 3415 878 3474; x_wconf 88' lang='lat' dir='ltr'>et</span> <span class='ocrx_word' id='word_1_271' title='bbox 900 3432 961 3474; x_wconf 88' lang='lat' dir='ltr'>sua</span> 
     </span>
     <span class='ocr_line' id='line_1_38' title="bbox 34 3500 1024 3587; baseline -0.006 -18"><span class='ocrx_word' id='word_1_272' title='bbox 34 3523 69 3569; x_wconf 88' lang='lat' dir='ltr'>ue</span> <span class='ocrx_word' id='word_1_273' title='bbox 95 3503 227 3585; x_wconf 88' lang='lat' dir='ltr'>propria</span> <span class='ocrx_word' id='word_1_274' title='bbox 255 3505 288 3568; x_wconf 93' lang='lat' dir='ltr'>et</span> <span class='ocrx_word' id='word_1_275' title='bbox 315 3502 355 3568; x_wconf 92' lang='lat' dir='ltr'>ad</span> <span class='ocrx_word' id='word_1_276' title='bbox 382 3501 416 3567; x_wconf 93' lang='lat' dir='ltr'>id</span> <span class='ocrx_word' id='word_1_277' title='bbox 439 3505 528 3587; x_wconf 85' lang='lat' dir='ltr'>apta,</span> <span class='ocrx_word' id='word_1_278' title='bbox 555 3501 640 3586; x_wconf 91' lang='lat' dir='ltr'>quod</span> <span class='ocrx_word' id='word_1_279' title='bbox 667 3500 820 3584; x_wconf 89' lang='lat' dir='ltr'>cuiusque</span> <span class='ocrx_word' id='word_1_280' title='bbox 842 3501 962 3565; x_wconf 78' lang='lat' dir='ltr'>natura</span> <span class='ocrx_word' id='word_1_281' title='bbox 1019 3518 1024 3549; x_wconf 75' lang='grc'>1</span> 
     </span>
    </p>
   </div>
   <div class='ocr_carea' id='block_1_3' title="bbox 0 0 1180 3876">
    <p class='ocr_par' dir='ltr' id='par_1_3' title="bbox 0 0 1180 3876">
     <span class='ocr_line' id='line_1_39' title="bbox 0 0 1180 3876; baseline 0 0"><span class='ocrx_word' id='word_1_282' title='bbox 0 0 1180 3876; x_wconf 95' lang='lat' dir='ltr'> </span> 
     </span>
    </p>
   </div>
  </div>
 </body>
</html>
