<?xml version="1.0" encoding="UTF-8"?>
<!DOCTYPE html PUBLIC "-//W3C//DTD XHTML 1.0 Transitional//EN"
    "http://www.w3.org/TR/xhtml1/DTD/xhtml1-transitional.dtd">
<html xmlns="http://www.w3.org/1999/xhtml" xml:lang="en" lang="en">
 <head>
  <title>
</title>
<meta http-equiv="Content-Type" content="text/html;charset=utf-8" />
  <meta name='ocr-system' content='tesseract 3.04.00' />
  <meta name='ocr-capabilities' content='ocr_page ocr_carea ocr_par ocr_line ocrx_word'/>
</head>
<body>
  <div class='ocr_page' id='page_1' title='image "./mtulliiciceroni00mlgoog_0389.png"; bbox 0 0 2346 3876; ppageno 0'>
   <div class='ocr_carea' id='block_1_1' title="bbox 105 163 918 230">
    <p class='ocr_par' dir='ltr' id='par_1_1' title="bbox 105 163 918 230">
     <span class='ocr_line' id='line_1_1' title="bbox 105 163 918 230; baseline -0.014 1"><span class='ocrx_word' id='word_1_1' title='bbox 105 167 171 230; x_wconf 85' lang='lat'><strong>340</strong></span> <span class='ocrx_word' id='word_1_2' title='bbox 299 165 597 222; x_wconf 75' lang='lat' dir='ltr'><strong>TUSCULANARUM</strong></span> <span class='ocrx_word' id='word_1_3' title='bbox 616 163 918 221; x_wconf 82' lang='lat' dir='ltr'><strong>DISPUTATIONUM</strong></span> 
     </span>
    </p>
   </div>
   <div class='ocr_carea' id='block_1_2' title="bbox 51 325 1127 1638">
    <p class='ocr_par' dir='ltr' id='par_1_2' title="bbox 101 325 1117 850">
     <span class='ocr_line' id='line_1_2' title="bbox 103 325 1098 412; baseline -0.004 -20"><span class='ocrx_word' id='word_1_4' title='bbox 103 327 337 412; x_wconf 77' lang='lat' dir='ltr'><strong>comitibusque</strong></span> <span class='ocrx_word' id='word_1_5' title='bbox 365 329 446 412; x_wconf 88' lang='lat' dir='ltr'><strong>eius,</strong></span> <span class='ocrx_word' id='word_1_6' title='bbox 472 325 691 412; x_wconf 73' lang='lat' dir='ltr'><strong>magnitudini</strong></span> <span class='ocrx_word' id='word_1_7' title='bbox 720 326 833 408; x_wconf 90' lang='lat' dir='ltr'><strong>animi,</strong></span> <span class='ocrx_word' id='word_1_8' title='bbox 860 325 1027 410; x_wconf 81' lang='lat' dir='ltr'><strong>gravitati,</strong></span> <span class='ocrx_word' id='word_1_9' title='bbox 1051 346 1098 408; x_wconf 86' lang='lat' dir='ltr'><strong>pa·</strong></span> 
     </span>
     <span class='ocr_line' id='line_1_3' title="bbox 101 411 1097 500; baseline -0.003 -22"><span class='ocrx_word' id='word_1_10' title='bbox 101 416 249 500; x_wconf 79' lang='lat' dir='ltr'><strong>bientiae,</strong></span> <span class='ocrx_word' id='word_1_11' title='bbox 275 438 384 481; x_wconf 91' lang='lat' dir='ltr'><strong>rerum</strong></span> <span class='ocrx_word' id='word_1_12' title='bbox 410 416 626 480; x_wconf 89' lang='lat' dir='ltr'><strong>humanarum</strong></span> <span class='ocrx_word' id='word_1_13' title='bbox 658 414 888 497; x_wconf 83' lang='lat' dir='ltr'><strong>despicientias</strong></span> <span class='ocrx_word' id='word_1_14' title='bbox 920 434 984 496; x_wconf 94' lang='lat' dir='ltr'><strong>qno</strong></span> <span class='ocrx_word' id='word_1_15' title='bbox 1014 411 1097 476; x_wconf 91' lang='lat' dir='ltr'><strong>modo</strong></span> 
     </span>
     <span class='ocr_line' id='line_1_4' title="bbox 102 500 1098 587; baseline -0.004 -20"><span class='ocrx_word' id='word_1_16' title='bbox 102 503 334 587; x_wconf 76' lang='lat' dir='ltr'><strong>respondebis?</strong></span> <span class='ocrx_word' id='word_1_17' title='bbox 356 503 547 569; x_wconf 82' lang='lat' dir='ltr'><strong>adflictusne</strong></span> <span class='ocrx_word' id='word_1_18' title='bbox 565 506 598 566; x_wconf 92' lang='lat' dir='ltr'><strong>et</strong></span> <span class='ocrx_word' id='word_1_19' title='bbox 620 502 729 567; x_wconf 80' lang='lat' dir='ltr'><strong>iacens</strong></span> <span class='ocrx_word' id='word_1_20' title='bbox 750 505 784 566; x_wconf 90' lang='lat' dir='ltr'><strong>et</strong></span> <span class='ocrx_word' id='word_1_21' title='bbox 806 500 1012 566; x_wconf 76' lang='lat' dir='ltr'><strong>lamentabili</strong></span> <span class='ocrx_word' id='word_1_22' title='bbox 1032 520 1098 564; x_wconf 78' lang='lat' dir='ltr'><strong>vose</strong></span> 
     </span>
     <span class='ocr_line' id='line_1_5' title="bbox 103 586 1098 675; baseline -0.004 -20"><span class='ocrx_word' id='word_1_23' title='bbox 103 592 274 675; x_wconf 86' lang='lat' dir='ltr'><strong>deplorans</strong></span> <span class='ocrx_word' id='word_1_24' title='bbox 293 591 416 655; x_wconf 88' lang='lat' dir='ltr'><strong>audies:</strong></span> <span class='ocrx_word' id='word_1_25' title='bbox 440 589 483 655; x_wconf 79' lang='lat'><strong>‘0</strong></span> <span class='ocrx_word' id='word_1_26' title='bbox 502 591 606 655; x_wconf 88' lang='lat' dir='ltr'><strong>virum</strong></span> <span class='ocrx_word' id='word_1_27' title='bbox 628 588 800 654; x_wconf 77' lang='lat' dir='ltr'><strong>forteml&#39;?</strong></span> <span class='ocrx_word' id='word_1_28' title='bbox 833 588 879 652; x_wconf 82' lang='lat' dir='ltr'><strong>&#39;Pe</strong></span> <span class='ocrx_word' id='word_1_29' title='bbox 897 610 974 652; x_wconf 81' lang='lat' dir='ltr'><strong>vero</strong></span> <span class='ocrx_word' id='word_1_30' title='bbox 992 589 1037 652; x_wconf 85' lang='lat' dir='ltr'><strong>ita</strong></span> <span class='ocrx_word' id='word_1_31' title='bbox 1053 586 1098 651; x_wconf 89' lang='lat' dir='ltr'><strong>ad·</strong></span> 
     </span>
     <span class='ocr_line' id='line_1_6' title="bbox 101 675 1117 762; baseline 0.002 -21"><span class='ocrx_word' id='word_1_32' title='bbox 101 679 223 743; x_wconf 84' lang='lat' dir='ltr'><strong>fectum</strong></span> <span class='ocrx_word' id='word_1_33' title='bbox 239 701 281 743; x_wconf 89' lang='lat' dir='ltr'><strong>ne</strong></span> <span class='ocrx_word' id='word_1_34' title='bbox 299 680 406 744; x_wconf 87' lang='lat' dir='ltr'><strong>virum</strong></span> <span class='ocrx_word' id='word_1_35' title='bbox 424 677 550 762; x_wconf 80' lang='lat' dir='ltr'><strong>quidem</strong></span> <span class='ocrx_word' id='word_1_36' title='bbox 571 677 740 762; x_wconf 87' lang='lat' dir='ltr'><strong>quisquam</strong></span> <span class='ocrx_word' id='word_1_37' title='bbox 758 677 884 741; x_wconf 78' lang='lat' dir='ltr'><strong>dixerit</strong></span> <span class='ocrx_word' id='word_1_38' title='bbox 920 675 1117 743; x_wconf 75' lang='lat' dir='ltr'><strong>Amittendas</strong></span> 
     </span>
     <span class='ocr_line' id='line_1_7' title="bbox 101 763 880 850; baseline -0.004 -21"><span class='ocrx_word' id='word_1_39' title='bbox 101 767 203 850; x_wconf 77' lang='lat' dir='ltr'><strong>igitur</strong></span> <span class='ocrx_word' id='word_1_40' title='bbox 224 767 454 832; x_wconf 86' lang='lat' dir='ltr'><strong>fortitudoest</strong></span> <span class='ocrx_word' id='word_1_41' title='bbox 476 769 533 831; x_wconf 90' lang='lat' dir='ltr'><strong>aut</strong></span> <span class='ocrx_word' id='word_1_42' title='bbox 556 764 757 848; x_wconf 87' lang='lat' dir='ltr'><strong>sepeliendus</strong></span> <span class='ocrx_word' id='word_1_43' title='bbox 780 763 880 828; x_wconf 90' lang='lat' dir='ltr'><strong>dolor.</strong></span> 
     </span>
    </p>

    <p class='ocr_par' dir='ltr' id='par_1_3' title="bbox 52 850 1126 1200">
     <span class='ocr_line' id='line_1_8' title="bbox 52 850 1099 939; baseline -0.008 -17"><span class='ocrx_word' id='word_1_44' title='bbox 52 858 94 922; x_wconf 86' lang='lat'><strong>14</strong></span> <span class='ocrx_word' id='word_1_45' title='bbox 168 854 293 938; x_wconf 81' lang='lat' dir='ltr'><strong>Ecquid</strong></span> <span class='ocrx_word' id='word_1_46' title='bbox 312 855 374 918; x_wconf 87' lang='lat' dir='ltr'><strong>sois</strong></span> <span class='ocrx_word' id='word_1_47' title='bbox 396 855 510 939; x_wconf 82' lang='lat' dir='ltr'><strong>igitur,</strong></span> <span class='ocrx_word' id='word_1_48' title='bbox 533 854 562 917; x_wconf 88' lang='lat' dir='ltr'><strong>si</strong></span> <span class='ocrx_word' id='word_1_49' title='bbox 585 852 661 936; x_wconf 89' lang='lat' dir='ltr'><strong>quid</strong></span> <span class='ocrx_word' id='word_1_50' title='bbox 679 851 717 916; x_wconf 86' lang='lat' dir='ltr'><strong>de</strong></span> <span class='ocrx_word' id='word_1_51' title='bbox 742 850 922 917; x_wconf 79' lang='lat' dir='ltr'><strong>Corinthiis</strong></span> <span class='ocrx_word' id='word_1_52' title='bbox 945 852 1011 916; x_wconf 87' lang='lat' dir='ltr'><strong>tuis</strong></span> <span class='ocrx_word' id='word_1_53' title='bbox 1032 850 1099 915; x_wconf 88' lang='lat' dir='ltr'><strong>ami-</strong></span> 
     </span>
     <span class='ocr_line' id='line_1_9' title="bbox 102 938 1099 1026; baseline -0.002 -21"><span class='ocrx_word' id='word_1_54' title='bbox 102 943 197 1024; x_wconf 84' lang='lat' dir='ltr'><strong>seris,</strong></span> <span class='ocrx_word' id='word_1_55' title='bbox 219 964 314 1026; x_wconf 88' lang='lat' dir='ltr'><strong>posse</strong></span> <span class='ocrx_word' id='word_1_56' title='bbox 336 942 457 1006; x_wconf 89' lang='lat' dir='ltr'><strong>habere</strong></span> <span class='ocrx_word' id='word_1_57' title='bbox 479 945 512 1005; x_wconf 86' lang='lat' dir='ltr'><strong>te</strong></span> <span class='ocrx_word' id='word_1_58' title='bbox 534 940 693 1023; x_wconf 86' lang='lat' dir='ltr'><strong>reliquam</strong></span> <span class='ocrx_word' id='word_1_59' title='bbox 716 938 953 1022; x_wconf 80' lang='lat' dir='ltr'><strong>supellectilem</strong></span> <span class='ocrx_word' id='word_1_60' title='bbox 979 939 1099 1018; x_wconf 77' lang='lat' dir='ltr'><strong>salvam,</strong></span> 
     </span>
     <span class='ocr_line' id='line_1_10' title="bbox 102 1024 1099 1111; baseline -0.006 -17"><span class='ocrx_word' id='word_1_61' title='bbox 102 1030 256 1094; x_wconf 87' lang='lat' dir='ltr'><strong>virtutem</strong></span> <span class='ocrx_word' id='word_1_62' title='bbox 288 1033 397 1094; x_wconf 85' lang='lat' dir='ltr'><strong>autem</strong></span> <span class='ocrx_word' id='word_1_63' title='bbox 429 1030 458 1093; x_wconf 89' lang='lat' dir='ltr'><strong>si</strong></span> <span class='ocrx_word' id='word_1_64' title='bbox 488 1049 587 1093; x_wconf 88' lang='lat' dir='ltr'><strong>unam</strong></span> <span class='ocrx_word' id='word_1_65' title='bbox 619 1027 765 1091; x_wconf 86' lang='lat' dir='ltr'><strong>amiseris</strong></span> <span class='ocrx_word' id='word_1_66' title='bbox 798 1024 876 1111; x_wconf 88' lang='lat' dir='ltr'><strong>(etsi</strong></span> <span class='ocrx_word' id='word_1_67' title='bbox 908 1027 1016 1091; x_wconf 88' lang='lat' dir='ltr'><strong>amitti</strong></span> <span class='ocrx_word' id='word_1_68' title='bbox 1042 1047 1099 1091; x_wconf 91' lang='lat' dir='ltr'><strong>non</strong></span> 
     </span>
     <span class='ocr_line' id='line_1_11' title="bbox 101 1114 1126 1200; baseline -0.004 -19"><span class='ocrx_word' id='word_1_69' title='bbox 101 1121 212 1199; x_wconf 86' lang='lat' dir='ltr'><strong>potest</strong></span> <span class='ocrx_word' id='word_1_70' title='bbox 241 1115 371 1200; x_wconf 84' lang='lat' dir='ltr'><strong>virtus),</strong></span> <span class='ocrx_word' id='word_1_71' title='bbox 408 1117 464 1181; x_wconf 92' lang='lat' dir='ltr'><strong>sed</strong></span> <span class='ocrx_word' id='word_1_72' title='bbox 496 1118 526 1180; x_wconf 91' lang='lat' dir='ltr'><strong>si</strong></span> <span class='ocrx_word' id='word_1_73' title='bbox 555 1137 655 1180; x_wconf 89' lang='lat' dir='ltr'><strong>unam</strong></span> <span class='ocrx_word' id='word_1_74' title='bbox 686 1114 853 1179; x_wconf 80' lang='lat' dir='ltr'><strong>confessus</strong></span> <span class='ocrx_word' id='word_1_75' title='bbox 886 1115 951 1178; x_wconf 88' lang='lat' dir='ltr'><strong>eris</strong></span> <span class='ocrx_word' id='word_1_76' title='bbox 982 1119 1016 1179; x_wconf 87' lang='lat' dir='ltr'><strong>te</strong></span> <span class='ocrx_word' id='word_1_77' title='bbox 1044 1135 1126 1178; x_wconf 84' lang='lat' dir='ltr'><strong>nonu</strong></span> 
     </span>
    </p>

    <p class='ocr_par' dir='ltr' id='par_1_4' title="bbox 51 1201 1127 1638">
     <span class='ocr_line' id='line_1_12' title="bbox 51 1201 1099 1286; baseline 0.002 -22"><span class='ocrx_word' id='word_1_78' title='bbox 51 1217 85 1264; x_wconf 82' lang='lat'><strong>33</strong></span> <span class='ocrx_word' id='word_1_79' title='bbox 103 1204 231 1286; x_wconf 89' lang='lat' dir='ltr'><strong>habere,</strong></span> <span class='ocrx_word' id='word_1_80' title='bbox 248 1205 371 1268; x_wconf 89' lang='lat' dir='ltr'><strong>nullam</strong></span> <span class='ocrx_word' id='word_1_81' title='bbox 389 1225 460 1268; x_wconf 89' lang='lat' dir='ltr'><strong>esse</strong></span> <span class='ocrx_word' id='word_1_82' title='bbox 478 1208 512 1268; x_wconf 87' lang='lat' dir='ltr'><strong>te</strong></span> <span class='ocrx_word' id='word_1_83' title='bbox 529 1202 738 1268; x_wconf 81' lang='lat' dir='ltr'><strong>habiturum?</strong></span> <span class='ocrx_word' id='word_1_84' title='bbox 768 1201 858 1268; x_wconf 89' lang='lat' dir='ltr'><strong>Num</strong></span> <span class='ocrx_word' id='word_1_85' title='bbox 873 1202 978 1286; x_wconf 79' lang='lat' dir='ltr'><strong>igitur</strong></span> <span class='ocrx_word' id='word_1_86' title='bbox 994 1203 1099 1267; x_wconf 84' lang='lat' dir='ltr'><strong>fortem</strong></span> 
     </span>
     <span class='ocr_line' id='line_1_13' title="bbox 104 1289 1100 1376; baseline 0.001 -22"><span class='ocrx_word' id='word_1_87' title='bbox 104 1293 221 1375; x_wconf 84' lang='lat' dir='ltr'><strong>virum,</strong></span> <span class='ocrx_word' id='word_1_88' title='bbox 256 1313 335 1355; x_wconf 90' lang='lat' dir='ltr'><strong>num</strong></span> <span class='ocrx_word' id='word_1_89' title='bbox 371 1312 490 1376; x_wconf 81' lang='lat' dir='ltr'><strong>magno</strong></span> <span class='ocrx_word' id='word_1_90' title='bbox 526 1291 648 1376; x_wconf 89' lang='lat' dir='ltr'><strong>animo,</strong></span> <span class='ocrx_word' id='word_1_91' title='bbox 687 1311 766 1354; x_wconf 91' lang='lat' dir='ltr'><strong>num</strong></span> <span class='ocrx_word' id='word_1_92' title='bbox 800 1289 996 1374; x_wconf 88' lang='lat' dir='ltr'><strong>patientem,</strong></span> <span class='ocrx_word' id='word_1_93' title='bbox 1032 1310 1100 1355; x_wconf 87' lang='lat' dir='ltr'><strong>nun</strong></span> 
     </span>
     <span class='ocr_line' id='line_1_14' title="bbox 103 1378 1101 1462; baseline -0.003 -20"><span class='ocrx_word' id='word_1_94' title='bbox 103 1399 235 1460; x_wconf 86' lang='lat' dir='ltr'><strong>gravem</strong></span> <span class='ocrx_word' id='word_1_95' title='bbox 240 1430 250 1462; x_wconf 92' lang='lat'><strong>,</strong></span> <span class='ocrx_word' id='word_1_96' title='bbox 271 1400 350 1443; x_wconf 89' lang='lat' dir='ltr'><strong>num</strong></span> <span class='ocrx_word' id='word_1_97' title='bbox 372 1380 516 1444; x_wconf 90' lang='lat' dir='ltr'><strong>humana</strong></span> <span class='ocrx_word' id='word_1_98' title='bbox 534 1382 791 1444; x_wconf 77' lang='lat' dir='ltr'><strong>contemnentem</strong></span> <span class='ocrx_word' id='word_1_99' title='bbox 810 1381 904 1461; x_wconf 87' lang='lat' dir='ltr'><strong>potes</strong></span> <span class='ocrx_word' id='word_1_100' title='bbox 928 1378 1033 1446; x_wconf 81' lang='lat' dir='ltr'><strong>dicere</strong></span> <span class='ocrx_word' id='word_1_101' title='bbox 1053 1379 1101 1442; x_wconf 85' lang='lat' dir='ltr'><strong>aut</strong></span> 
     </span>
     <span class='ocr_line' id='line_1_15' title="bbox 103 1464 1100 1550; baseline 0.003 -23"><span class='ocrx_word' id='word_1_102' title='bbox 103 1465 318 1531; x_wconf 82' lang='lat' dir='ltr'><strong>Philoctetam</strong></span> <span class='ocrx_word' id='word_1_103' title='bbox 341 1467 433 1532; x_wconf 89' lang='lat' dir='ltr'><strong>illum</strong></span> <span class='ocrx_word' id='word_1_104' title='bbox 457 1466 522 1530; x_wconf 80' lang='lat'><strong>-?</strong></span> <span class='ocrx_word' id='word_1_105' title='bbox 548 1489 568 1530; x_wconf 88' lang='lat' dir='ltr'><strong>a</strong></span> <span class='ocrx_word' id='word_1_106' title='bbox 589 1471 623 1531; x_wconf 87' lang='lat' dir='ltr'><strong>te</strong></span> <span class='ocrx_word' id='word_1_107' title='bbox 642 1467 728 1530; x_wconf 89' lang='lat' dir='ltr'><strong>enim</strong></span> <span class='ocrx_word' id='word_1_108' title='bbox 746 1466 832 1530; x_wconf 88' lang='lat' dir='ltr'><strong>malo</strong></span> <span class='ocrx_word' id='word_1_109' title='bbox 854 1466 1033 1550; x_wconf 72' lang='lat' dir='ltr'><strong>discedere,</strong></span> <span class='ocrx_word' id='word_1_110' title='bbox 1053 1464 1100 1530; x_wconf 86' lang='lat' dir='ltr'><strong>sed</strong></span> 
     </span>
     <span class='ocr_line' id='line_1_16' title="bbox 102 1554 1127 1638; baseline -0.001 -22"><span class='ocrx_word' id='word_1_111' title='bbox 102 1554 157 1618; x_wconf 93' lang='lat' dir='ltr'><strong>ille</strong></span> <span class='ocrx_word' id='word_1_112' title='bbox 181 1558 266 1619; x_wconf 83' lang='lat' dir='ltr'><strong>certe</strong></span> <span class='ocrx_word' id='word_1_113' title='bbox 288 1577 355 1620; x_wconf 91' lang='lat' dir='ltr'><strong>non</strong></span> <span class='ocrx_word' id='word_1_114' title='bbox 376 1555 485 1638; x_wconf 87' lang='lat' dir='ltr'><strong>fortis,</strong></span> <span class='ocrx_word' id='word_1_115' title='bbox 508 1556 564 1638; x_wconf 90' lang='lat' dir='ltr'><strong>qui</strong></span> <span class='ocrx_word' id='word_1_116' title='bbox 586 1556 669 1619; x_wconf 80' lang='lat' dir='ltr'><strong>iacet</strong></span> <span class='ocrx_word' id='word_1_117' title='bbox 1110 1576 1127 1615; x_wconf 78' lang='lat' dir='ltr'><strong>a</strong></span> 
     </span>
    </p>
   </div>
   <div class='ocr_carea' id='block_1_3' title="bbox 168 1675 1057 1918">
    <p class='ocr_par' dir='ltr' id='par_1_5' title="bbox 168 1675 1057 1918">
     <span class='ocr_line' id='line_1_17' title="bbox 630 1675 964 1759; baseline 0.009 -19"><span class='ocrx_word' id='word_1_118' title='bbox 630 1678 671 1741; x_wconf 92' lang='lat' dir='ltr'><strong>in</strong></span> <span class='ocrx_word' id='word_1_119' title='bbox 692 1679 797 1759; x_wconf 86' lang='lat' dir='ltr'><strong>teoto</strong></span> <span class='ocrx_word' id='word_1_120' title='bbox 819 1675 964 1757; x_wconf 80' lang='lat' dir='ltr'><strong>umido,</strong></span> 
     </span>
     <span class='ocr_line' id='line_1_18' title="bbox 169 1763 1057 1851; baseline 0.002 -23"><span class='ocrx_word' id='word_1_121' title='bbox 169 1763 274 1840; x_wconf 82' lang='lat' dir='ltr'><strong>Quod</strong></span> <span class='ocrx_word' id='word_1_122' title='bbox 297 1765 458 1847; x_wconf 77' lang='lat' dir='ltr'><strong>eiulatu,</strong></span> <span class='ocrx_word' id='word_1_123' title='bbox 480 1765 631 1849; x_wconf 73' lang='lat' dir='ltr'><strong>questu,</strong></span> <span class='ocrx_word' id='word_1_124' title='bbox 654 1764 812 1851; x_wconf 82' lang='lat' dir='ltr'><strong>gemitu,</strong></span> <span class='ocrx_word' id='word_1_125' title='bbox 835 1763 1057 1830; x_wconf 73' lang='lat' dir='ltr'><strong>fremitibus</strong></span> 
     </span>
     <span class='ocr_line' id='line_1_19' title="bbox 168 1850 1027 1918; baseline 0.002 -2"><span class='ocrx_word' id='word_1_126' title='bbox 168 1851 396 1917; x_wconf 82' lang='lat' dir='ltr'><strong>Resonaindo</strong></span> <span class='ocrx_word' id='word_1_127' title='bbox 420 1857 564 1917; x_wconf 87' lang='lat' dir='ltr'><strong>mutum</strong></span> <span class='ocrx_word' id='word_1_128' title='bbox 586 1850 746 1916; x_wconf 77' lang='lat' dir='ltr'><strong>flebilis</strong></span> <span class='ocrx_word' id='word_1_129' title='bbox 761 1853 874 1916; x_wconf 74' lang='lat' dir='ltr'><strong>uoces</strong></span> <span class='ocrx_word' id='word_1_130' title='bbox 898 1853 1027 1918; x_wconf 89' lang='lat' dir='ltr'><strong>refert.</strong></span> 
     </span>
    </p>
   </div>
   <div class='ocr_carea' id='block_1_4' title="bbox 40 1989 1135 3127">
    <p class='ocr_par' dir='ltr' id='par_1_6' title="bbox 100 1989 1133 2603">
     <span class='ocr_line' id='line_1_20' title="bbox 101 1989 1102 2077; baseline 0.002 -23"><span class='ocrx_word' id='word_1_131' title='bbox 101 1989 178 2056; x_wconf 93' lang='lat' dir='ltr'><strong>Non</strong></span> <span class='ocrx_word' id='word_1_132' title='bbox 200 2011 259 2075; x_wconf 82' lang='lat' dir='ltr'><strong>ego</strong></span> <span class='ocrx_word' id='word_1_133' title='bbox 283 1993 430 2057; x_wconf 89' lang='lat' dir='ltr'><strong>dolorem</strong></span> <span class='ocrx_word' id='word_1_134' title='bbox 453 1992 596 2057; x_wconf 88' lang='lat' dir='ltr'><strong>dolorem</strong></span> <span class='ocrx_word' id='word_1_135' title='bbox 617 2013 686 2056; x_wconf 89' lang='lat' dir='ltr'><strong>esse</strong></span> <span class='ocrx_word' id='word_1_136' title='bbox 709 2012 792 2077; x_wconf 82' lang='lat' dir='ltr'><strong>nego</strong></span> <span class='ocrx_word' id='word_1_137' title='bbox 816 1990 887 2074; x_wconf 90' lang='lat' dir='ltr'><strong>(our</strong></span> <span class='ocrx_word' id='word_1_138' title='bbox 909 1992 997 2057; x_wconf 88' lang='lat' dir='ltr'><strong>enim</strong></span> <span class='ocrx_word' id='word_1_139' title='bbox 1017 1992 1102 2058; x_wconf 84' lang='lat' dir='ltr'><strong>forti-</strong></span> 
     </span>
     <span class='ocr_line' id='line_1_21' title="bbox 101 2078 1131 2165; baseline 0.002 -24"><span class='ocrx_word' id='word_1_140' title='bbox 101 2078 180 2142; x_wconf 89' lang='lat' dir='ltr'><strong>tudo</strong></span> <span class='ocrx_word' id='word_1_141' title='bbox 204 2078 488 2165; x_wconf 68' lang='lat' dir='ltr'><strong>desiderareturl),</strong></span> <span class='ocrx_word' id='word_1_142' title='bbox 512 2080 567 2144; x_wconf 90' lang='lat' dir='ltr'><strong>sed</strong></span> <span class='ocrx_word' id='word_1_143' title='bbox 591 2101 663 2144; x_wconf 90' lang='lat' dir='ltr'><strong>eum</strong></span> <span class='ocrx_word' id='word_1_144' title='bbox 681 2079 822 2163; x_wconf 87' lang='lat' dir='ltr'><strong>opprimi</strong></span> <span class='ocrx_word' id='word_1_145' title='bbox 844 2079 917 2144; x_wconf 87' lang='lat' dir='ltr'><strong>dioo</strong></span> <span class='ocrx_word' id='word_1_146' title='bbox 942 2081 1131 2163; x_wconf 72' lang='lat' dir='ltr'><strong>patientias</strong></span> 
     </span>
     <span class='ocr_line' id='line_1_22' title="bbox 102 2165 1103 2254; baseline 0.004 -27"><span class='ocrx_word' id='word_1_147' title='bbox 102 2165 248 2229; x_wconf 88' lang='lat' dir='ltr'><strong>simodo</strong></span> <span class='ocrx_word' id='word_1_148' title='bbox 272 2170 322 2229; x_wconf 87' lang='lat' dir='ltr'><strong>est</strong></span> <span class='ocrx_word' id='word_1_149' title='bbox 344 2166 454 2250; x_wconf 88' lang='lat' dir='ltr'><strong>aliqua</strong></span> <span class='ocrx_word' id='word_1_150' title='bbox 475 2167 647 2250; x_wconf 84' lang='lat' dir='ltr'><strong>patientia3</strong></span> <span class='ocrx_word' id='word_1_151' title='bbox 671 2168 699 2231; x_wconf 89' lang='lat' dir='ltr'><strong>si</strong></span> <span class='ocrx_word' id='word_1_152' title='bbox 722 2167 810 2231; x_wconf 86' lang='lat' dir='ltr'><strong>nulla</strong></span> <span class='ocrx_word' id='word_1_153' title='bbox 833 2170 895 2248; x_wconf 89' lang='lat' dir='ltr'><strong>est,</strong></span> <span class='ocrx_word' id='word_1_154' title='bbox 918 2168 998 2254; x_wconf 79' lang='lat' dir='ltr'><strong>quid</strong></span> <span class='ocrx_word' id='word_1_155' title='bbox 1021 2189 1103 2233; x_wconf 86' lang='lat' dir='ltr'><strong>exor-</strong></span> 
     </span>
     <span class='ocr_line' id='line_1_23' title="bbox 101 2253 1104 2340; baseline 0.002 -26"><span class='ocrx_word' id='word_1_156' title='bbox 101 2273 217 2316; x_wconf 89' lang='lat' dir='ltr'><strong>namus</strong></span> <span class='ocrx_word' id='word_1_157' title='bbox 247 2253 490 2337; x_wconf 89' lang='lat' dir='ltr'><strong>philosophiam</strong></span> <span class='ocrx_word' id='word_1_158' title='bbox 522 2258 579 2319; x_wconf 88' lang='lat' dir='ltr'><strong>aut</strong></span> <span class='ocrx_word' id='word_1_159' title='bbox 609 2254 686 2338; x_wconf 91' lang='lat' dir='ltr'><strong>quid</strong></span> <span class='ocrx_word' id='word_1_160' title='bbox 715 2255 782 2319; x_wconf 92' lang='lat' dir='ltr'><strong>eius</strong></span> <span class='ocrx_word' id='word_1_161' title='bbox 813 2256 944 2319; x_wconf 91' lang='lat' dir='ltr'><strong>nomine</strong></span> <span class='ocrx_word' id='word_1_162' title='bbox 978 2254 1104 2340; x_wconf 79' lang='lat' dir='ltr'><strong>gloriosi</strong></span> 
     </span>
     <span class='ocr_line' id='line_1_24' title="bbox 102 2340 1104 2426; baseline 0.004 -23"><span class='ocrx_word' id='word_1_163' title='bbox 102 2340 233 2404; x_wconf 85' lang='lat' dir='ltr'><strong>sumus?</strong></span> <span class='ocrx_word' id='word_1_164' title='bbox 282 2340 404 2424; x_wconf 82' lang='lat' dir='ltr'><strong>Pungit</strong></span> <span class='ocrx_word' id='word_1_165' title='bbox 431 2342 535 2425; x_wconf 90' lang='lat' dir='ltr'><strong>dolor,</strong></span> <span class='ocrx_word' id='word_1_166' title='bbox 562 2343 612 2406; x_wconf 88' lang='lat' dir='ltr'><strong>vel</strong></span> <span class='ocrx_word' id='word_1_167' title='bbox 638 2341 743 2406; x_wconf 86' lang='lat' dir='ltr'><strong>fodiat</strong></span> <span class='ocrx_word' id='word_1_168' title='bbox 770 2364 860 2426; x_wconf 79' lang='lat' dir='ltr'><strong>sane3</strong></span> <span class='ocrx_word' id='word_1_169' title='bbox 889 2342 917 2406; x_wconf 91' lang='lat' dir='ltr'><strong>si</strong></span> <span class='ocrx_word' id='word_1_170' title='bbox 939 2344 1045 2409; x_wconf 89' lang='lat' dir='ltr'><strong>nudus</strong></span> <span class='ocrx_word' id='word_1_171' title='bbox 1066 2365 1104 2424; x_wconf 87' lang='lat' dir='ltr'><strong>es,</strong></span> 
     </span>
     <span class='ocr_line' id='line_1_25' title="bbox 102 2428 1104 2512; baseline 0.005 -21"><span class='ocrx_word' id='word_1_172' title='bbox 102 2429 143 2491; x_wconf 88' lang='lat' dir='ltr'><strong>da</strong></span> <span class='ocrx_word' id='word_1_173' title='bbox 166 2429 326 2512; x_wconf 73' lang='lat' dir='ltr'><strong>iugulum,</strong></span> <span class='ocrx_word' id='word_1_174' title='bbox 350 2429 402 2493; x_wconf 88' lang='lat' dir='ltr'><strong>sin</strong></span> <span class='ocrx_word' id='word_1_175' title='bbox 423 2433 527 2494; x_wconf 85' lang='lat' dir='ltr'><strong>tectus</strong></span> <span class='ocrx_word' id='word_1_176' title='bbox 546 2429 725 2495; x_wconf 76' lang='lat' dir='ltr'><strong>‘Volcaniis</strong></span> <span class='ocrx_word' id='word_1_177' title='bbox 745 2428 869 2512; x_wconf 90' lang='lat' dir='ltr'><strong>armis&#39;,</strong></span> <span class='ocrx_word' id='word_1_178' title='bbox 891 2430 925 2493; x_wconf 94' lang='lat' dir='ltr'><strong>id</strong></span> <span class='ocrx_word' id='word_1_179' title='bbox 946 2433 998 2495; x_wconf 82' lang='lat' dir='ltr'><strong>est</strong></span> <span class='ocrx_word' id='word_1_180' title='bbox 1019 2430 1104 2496; x_wconf 86' lang='lat' dir='ltr'><strong>forti·</strong></span> 
     </span>
     <span class='ocr_line' id='line_1_26' title="bbox 100 2516 1133 2603; baseline 0 -25"><span class='ocrx_word' id='word_1_181' title='bbox 100 2517 225 2599; x_wconf 88' lang='lat' dir='ltr'><strong>tudine,</strong></span> <span class='ocrx_word' id='word_1_182' title='bbox 252 2518 381 2599; x_wconf 82' lang='lat' dir='ltr'><strong>resiste3</strong></span> <span class='ocrx_word' id='word_1_183' title='bbox 408 2516 489 2580; x_wconf 90' lang='lat' dir='ltr'><strong>haec</strong></span> <span class='ocrx_word' id='word_1_184' title='bbox 516 2517 602 2581; x_wconf 91' lang='lat' dir='ltr'><strong>enim</strong></span> <span class='ocrx_word' id='word_1_185' title='bbox 629 2520 674 2600; x_wconf 89' lang='lat' dir='ltr'><strong>te,</strong></span> <span class='ocrx_word' id='word_1_186' title='bbox 701 2518 765 2580; x_wconf 90' lang='lat' dir='ltr'><strong>nisi</strong></span> <span class='ocrx_word' id='word_1_187' title='bbox 788 2517 835 2580; x_wconf 87' lang='lat' dir='ltr'><strong>ita</strong></span> <span class='ocrx_word' id='word_1_188' title='bbox 856 2517 971 2603; x_wconf 79' lang='lat' dir='ltr'><strong>facies,</strong></span> <span class='ocrx_word' id='word_1_189' title='bbox 1001 2523 1133 2584; x_wconf 75' lang='lat' dir='ltr'><strong>oustosu</strong></span> 
     </span>
    </p>

    <p class='ocr_par' dir='ltr' id='par_1_7' title="bbox 49 2603 1105 2706">
     <span class='ocr_line' id='line_1_27' title="bbox 49 2603 1105 2706; baseline 0.009 -44"><span class='ocrx_word' id='word_1_190' title='bbox 49 2615 85 2663; x_wconf 83' lang='grc'><strong>34</strong></span> <span class='ocrx_word' id='word_1_191' title='bbox 103 2603 274 2705; x_wconf 73' lang='lat' dir='ltr'><strong>dignitatis¹</strong></span> <span class='ocrx_word' id='word_1_192' title='bbox 289 2605 449 2687; x_wconf 88' lang='lat' dir='ltr'><strong>relinquet</strong></span> <span class='ocrx_word' id='word_1_193' title='bbox 471 2607 504 2706; x_wconf 81' lang='lat' dir='ltr'><strong>et</strong></span> <span class='ocrx_word' id='word_1_194' title='bbox 527 2605 661 2706; x_wconf 78' lang='lat' dir='ltr'><strong>deseret.</strong></span> <span class='ocrx_word' id='word_1_195' title='bbox 704 2604 836 2705; x_wconf 76' lang='lat' dir='ltr'><strong>Oretum</strong></span> <span class='ocrx_word' id='word_1_196' title='bbox 858 2605 991 2688; x_wconf 89' lang='lat' dir='ltr'><strong>quidem</strong></span> <span class='ocrx_word' id='word_1_197' title='bbox 1012 2607 1105 2691; x_wconf 83' lang='lat' dir='ltr'><strong>leges,</strong></span> 
     </span>
    </p>

    <p class='ocr_par' dir='ltr' id='par_1_8' title="bbox 40 2691 1135 3127">
     <span class='ocr_line' id='line_1_28' title="bbox 40 2691 1105 2865; baseline 0.005 -24"><span class='ocrx_word' id='word_1_198' title='bbox 40 2754 50 2786; x_wconf 69' lang='lat'><em>‘</em></span> <span class='ocrx_word' id='word_1_199' title='bbox 101 2691 1105 2865; x_wconf 55' lang='grc'><strong>1111,1111111111*11111111</strong></span> 
     </span>
     <span class='ocr_line' id='line_1_29' title="bbox 101 2865 1104 2950; baseline 0.005 -22"><span class='ocrx_word' id='word_1_200' title='bbox 101 2865 251 2929; x_wconf 88' lang='lat' dir='ltr'><strong>erudiunt</strong></span> <span class='ocrx_word' id='word_1_201' title='bbox 285 2867 505 2950; x_wconf 86' lang='lat' dir='ltr'><strong>iuventutem,</strong></span> <span class='ocrx_word' id='word_1_202' title='bbox 541 2868 685 2933; x_wconf 84' lang='lat' dir='ltr'><strong>venando</strong></span> <span class='ocrx_word' id='word_1_203' title='bbox 722 2868 897 2950; x_wconf 81' lang='lat' dir='ltr'><strong>currendo,</strong></span> <span class='ocrx_word' id='word_1_204' title='bbox 940 2870 1104 2935; x_wconf 88' lang='lat' dir='ltr'><strong>esuriendo</strong></span> 
     </span>
     <span class='ocr_line' id='line_1_30' title="bbox 102 2952 1135 3040; baseline 0.004 -25"><span class='ocrx_word' id='word_1_205' title='bbox 102 2952 253 3030; x_wconf 87' lang='lat' dir='ltr'><strong>sitiendo,</strong></span> <span class='ocrx_word' id='word_1_206' title='bbox 281 2953 419 3036; x_wconf 85' lang='lat' dir='ltr'><strong>algendo</strong></span> <span class='ocrx_word' id='word_1_207' title='bbox 448 2956 633 3020; x_wconf 86' lang='lat' dir='ltr'><strong>aestuando.</strong></span> <span class='ocrx_word' id='word_1_208' title='bbox 683 2953 818 3039; x_wconf 83' lang='lat' dir='ltr'><strong>Spartae</strong></span> <span class='ocrx_word' id='word_1_209' title='bbox 846 2977 922 3020; x_wconf 85' lang='lat' dir='ltr'><strong>vero</strong></span> <span class='ocrx_word' id='word_1_210' title='bbox 950 2959 1043 3040; x_wconf 89' lang='lat' dir='ltr'><strong>pueri</strong></span> <span class='ocrx_word' id='word_1_211' title='bbox 1069 2957 1135 3022; x_wconf 83' lang='lat' dir='ltr'><strong>adu</strong></span> 
     </span>
     <span class='ocr_line' id='line_1_31' title="bbox 101 3040 708 3127; baseline 0.005 -24"><span class='ocrx_word' id='word_1_212' title='bbox 101 3062 191 3105; x_wconf 89' lang='lat' dir='ltr'><strong>aram</strong></span> <span class='ocrx_word' id='word_1_213' title='bbox 214 3040 259 3104; x_wconf 86' lang='lat' dir='ltr'><strong>sio</strong></span> <span class='ocrx_word' id='word_1_214' title='bbox 283 3040 470 3108; x_wconf 86' lang='lat' dir='ltr'><strong>verberibus</strong></span> <span class='ocrx_word' id='word_1_215' title='bbox 494 3044 708 3127; x_wconf 85' lang='lat' dir='ltr'><strong>accipiuntur,</strong></span> 
     </span>
    </p>
   </div>
   <div class='ocr_carea' id='block_1_5' title="bbox 165 3161 993 3252">
    <p class='ocr_par' dir='ltr' id='par_1_9' title="bbox 165 3161 993 3252">
     <span class='ocr_line' id='line_1_32' title="bbox 165 3161 993 3252; baseline 0.01 -26"><span class='ocrx_word' id='word_1_216' title='bbox 165 3161 216 3226; x_wconf 90' lang='lat' dir='ltr'><strong>Ut</strong></span> <span class='ocrx_word' id='word_1_217' title='bbox 238 3162 380 3225; x_wconf 81' lang='lat' dir='ltr'><strong>multus</strong></span> <span class='ocrx_word' id='word_1_218' title='bbox 404 3185 421 3226; x_wconf 91' lang='lat' dir='ltr'><strong>e</strong></span> <span class='ocrx_word' id='word_1_219' title='bbox 444 3165 660 3230; x_wconf 74' lang='lat' dir='ltr'><strong>visceribus</strong></span> <span class='ocrx_word' id='word_1_220' title='bbox 685 3165 845 3250; x_wconf 84' lang='lat' dir='ltr'><strong>sanguis</strong></span> <span class='ocrx_word' id='word_1_221' title='bbox 869 3167 993 3252; x_wconf 86' lang='lat' dir='ltr'><strong>e‘xeat,</strong></span> 
     </span>
    </p>
   </div>
   <div class='ocr_carea' id='block_1_6' title="bbox 99 3303 1106 3475">
    <p class='ocr_par' dir='ltr' id='par_1_10' title="bbox 99 3303 1106 3475">
     <span class='ocr_line' id='line_1_33' title="bbox 99 3303 1106 3389; baseline 0.006 -22"><span class='ocrx_word' id='word_1_222' title='bbox 99 3324 166 3367; x_wconf 91' lang='lat' dir='ltr'><strong>non</strong></span> <span class='ocrx_word' id='word_1_223' title='bbox 191 3311 367 3387; x_wconf 89' lang='lat' dir='ltr'><strong>numquam</strong></span> <span class='ocrx_word' id='word_1_224' title='bbox 394 3303 506 3386; x_wconf 85' lang='lat' dir='ltr'><strong>etiam,</strong></span> <span class='ocrx_word' id='word_1_225' title='bbox 533 3309 582 3388; x_wconf 86' lang='lat' dir='ltr'><strong>ut,</strong></span> <span class='ocrx_word' id='word_1_226' title='bbox 610 3327 683 3370; x_wconf 90' lang='lat' dir='ltr'><strong>oum</strong></span> <span class='ocrx_word' id='word_1_227' title='bbox 708 3307 755 3370; x_wconf 91' lang='lat' dir='ltr'><strong>ibi</strong></span> <span class='ocrx_word' id='word_1_228' title='bbox 782 3327 899 3388; x_wconf 86' lang='lat' dir='ltr'><strong>essem,</strong></span> <span class='ocrx_word' id='word_1_229' title='bbox 929 3308 1106 3389; x_wconf 87' lang='lat' dir='ltr'><strong>audiebam,</strong></span> 
     </span>
     <span class='ocr_line' id='line_1_34' title="bbox 100 3391 1106 3475; baseline 0.006 -21"><span class='ocrx_word' id='word_1_230' title='bbox 100 3391 142 3454; x_wconf 91' lang='lat' dir='ltr'><strong>ad</strong></span> <span class='ocrx_word' id='word_1_231' title='bbox 168 3411 292 3474; x_wconf 72' lang='lat' dir='ltr'><strong>necem,</strong></span> <span class='ocrx_word' id='word_1_232' title='bbox 324 3412 459 3475; x_wconf 90' lang='lat' dir='ltr'><strong>quorum</strong></span> <span class='ocrx_word' id='word_1_233' title='bbox 487 3412 554 3455; x_wconf 93' lang='lat' dir='ltr'><strong>non</strong></span> <span class='ocrx_word' id='word_1_234' title='bbox 580 3393 676 3457; x_wconf 91' lang='lat' dir='ltr'><strong>modo</strong></span> <span class='ocrx_word' id='word_1_235' title='bbox 703 3415 798 3458; x_wconf 86' lang='lat' dir='ltr'><strong>nemo</strong></span> <span class='ocrx_word' id='word_1_236' title='bbox 826 3395 1020 3460; x_wconf 83' lang='lat' dir='ltr'><strong>exclamavit</strong></span> <span class='ocrx_word' id='word_1_237' title='bbox 1042 3418 1106 3460; x_wconf 88' lang='lat' dir='ltr'><strong>um-</strong></span> 
     </span>
    </p>
   </div>
   <div class='ocr_carea' id='block_1_7' title="bbox 94 3479 1136 3569">
    <p class='ocr_par' dir='ltr' id='par_1_11' title="bbox 94 3479 1136 3569">
     <span class='ocr_line' id='line_1_35' title="bbox 94 3479 1136 3569; baseline 0 -25"><span class='ocrx_word' id='word_1_238' title='bbox 94 3501 206 3565; x_wconf 83' lang='lat' dir='ltr'><strong>quam,</strong></span> <span class='ocrx_word' id='word_1_239' title='bbox 244 3479 301 3548; x_wconf 91' lang='lat' dir='ltr'><strong>sed</strong></span> <span class='ocrx_word' id='word_1_240' title='bbox 334 3501 375 3546; x_wconf 87' lang='lat' dir='ltr'><strong>ne</strong></span> <span class='ocrx_word' id='word_1_241' title='bbox 407 3479 568 3565; x_wconf 82' lang='lat' dir='ltr'><strong>ingemuit</strong></span> <span class='ocrx_word' id='word_1_242' title='bbox 597 3480 734 3566; x_wconf 78' lang='lat' dir='ltr'><strong>quidem.</strong></span> <span class='ocrx_word' id='word_1_243' title='bbox 794 3482 878 3559; x_wconf 84' lang='lat' dir='ltr'><strong>Quid</strong></span> <span class='ocrx_word' id='word_1_244' title='bbox 910 3483 1013 3569; x_wconf 79' lang='lat' dir='ltr'><strong>ergo?</strong></span> <span class='ocrx_word' id='word_1_245' title='bbox 1048 3484 1136 3548; x_wconf 78' lang='lat' dir='ltr'><strong>hoou</strong></span> 
     </span>
    </p>
   </div>
   <div class='ocr_carea' id='block_1_8' title="bbox 0 0 1178 3876">
    <p class='ocr_par' dir='ltr' id='par_1_12' title="bbox 0 0 1178 3876">
     <span class='ocr_line' id='line_1_36' title="bbox 0 0 1178 3876; baseline 0 3"><span class='ocrx_word' id='word_1_246' title='bbox 0 0 1178 3876; x_wconf 95' lang='lat' dir='ltr'><strong> </strong></span> 
     </span>
    </p>
   </div>
  </div>
 </body>
</html>
