2346 3876
99 150 167 214 440
298 148 597 205 TUSCULANARUM
614 146 920 203 DISPUTATIONUM

100 332 250 376 maxume
277 313 424 395 optatam
451 314 484 375 et
511 311 686 393 expetitam
717 310 928 374 securitatem
957 307 1095 394 (securi-

100 402 221 464 tatem
252 403 360 463 autem
388 421 472 463 nunc
503 397 632 481 appello
662 397 861 462 vacuitatem
891 398 1097 482 aegritudinis,

101 489 137 552 in
159 509 223 571 qua
241 487 310 551 vita
332 487 429 550 beata
446 486 554 569 posita
573 482 638 571 est)
658 485 780 550 habere
799 486 975 570 quisquam
996 489 1095 570 potest
1136 522 1138 529 ,

102 576 154 640 cui
182 578 238 640 aut
265 575 350 638 adsit
378 577 434 638 aut
461 574 573 638 adesse
600 574 706 657 possit
731 573 907 639 multitudo
931 571 1095 639 malorum?

102 663 164 740 Qui
187 668 295 728 autem
322 663 444 746 poterit
466 683 536 727 esse
560 662 663 726 celsus
687 666 721 726 et
746 664 872 726 erectus
897 665 931 726 et
954 685 1005 745 ea,
1030 681 1113 746 quaes

100 751 226 817 homini
245 751 388 816 accidere
406 754 556 834 possunt,
579 750 688 814 omnia
705 771 807 832 parva
828 749 964 834 ducens,
986 751 1096 834 qualem

102 841 280 922 sapientem
304 860 373 902 esse
396 839 557 921 volumus,
585 838 649 902 nisi
672 837 782 902 omnia
805 837 869 901 sibi
890 837 928 902 in
950 859 984 902 se
1006 836 1097 921 posita

102 925 266 991 censebit?
316 926 369 990 An
395 924 642 991 Lacedaemonii
668 924 823 1009 Philippo
852 925 1025 990 minitante
1052 944 1097 1008 per

102 1015 228 1080 litteras
248 1035 282 1078 se
301 1014 419 1096 omnia,
436 1035 518 1098 quae
537 1016 739 1091 conarentur,
757 1011 999 1096 prohibiturum
1017 1033 1097 1098 quae

104 1103 261 1185 siverunt,
287 1123 365 1165 num
392 1123 426 1164 se
454 1105 540 1165 esset
567 1101 665 1166 etiam
692 1102 776 1166 mori
797 1101 1035 1184 prohibiturus3
1060 1099 1122 1163 vira

102 1191 145 1273 is,
177 1210 272 1274 quem
303 1189 500 1273 quaerimus,
531 1211 598 1254 non
626 1189 730 1254 multo
757 1188 886 1255 facilius
915 1190 976 1253 tali
1007 1189 1097 1253 anino

102 1277 279 1361 reperietur
311 1298 407 1359 quam
439 1277 554 1342 civitas
586 1275 759 1341 universa?
818 1275 924 1351 Quid?
958 1277 999 1341 ad
1027 1277 1097 1340 hanc

101 1364 337 1448 fortitudinem,
364 1365 402 1429 de
425 1386 489 1449 qua
509 1364 684 1448 loquimur,
712 1365 931 1448 temperantia
954 1365 1097 1444 adiuncta,

9 1451 10 1456 ’
102 1474 184 1538 quae
199 1454 243 1517 sit
257 1452 454 1518 moderatrix
468 1453 612 1518 emnium
629 1452 891 1536 commotionum,
911 1453 988 1536 quid
1005 1453 1098 1537 potest

103 1541 143 1605 ad
161 1542 256 1606 beate
273 1540 444 1605 vivendum
463 1541 573 1605 deesse
592 1541 635 1623 ei,
654 1562 748 1625 quem
769 1539 928 1605 fortitudo
948 1540 990 1605 ab
1010 1538 1124 1624 aegri-u

101 1629 213 1694 tudine
232 1632 265 1693 et
283 1651 302 1692 a
319 1631 408 1694 metu
427 1627 590 1710 vindicet,
602 1627 818 1711 temperantia
840 1649 914 1693 cum
938 1651 958 1692 a
980 1628 1097 1693 libidine

103 1721 224 1796 avocet,
237 1720 308 1781 tum
320 1717 472 1781 insolenti
487 1717 654 1781 alacritate
669 1715 789 1800 gestire
803 1737 869 1780 non
883 1714 992 1781 sinat?
1023 1715 1099 1780 Haeo

104 1805 229 1869 efficere
251 1805 405 1868 virtutem
429 1804 642 1887 ostenderem,
667 1805 731 1868 nisi
754 1804 977 1887 superioribus
1001 1803 1098 1868 diebus

75 1957 88 1971 ,
103 1897 209 1956 essent
232 1893 399 1975 explicata.

51 1958 93 2020 1⁰
168 1980 276 2065 Atque
303 2001 375 2044 cum
402 1980 661 2063 perturbationes
691 1979 791 2045 animi
818 1979 998 2063 miseriam,
1024 1977 1127 2044 seda-e

48 2035 82 2082 43
101 2068 206 2132 tiones
230 2071 338 2132 autem
361 2069 462 2132 vitam
486 2067 629 2132 efficiant
650 2068 796 2150 beatam,
823 2067 1006 2151 duplexque
1027 2065 1099 2131 ratio

100 2155 352 2238 perturbationis
380 2157 435 2238 sit,
462 2155 548 2239 quod
576 2155 745 2240 aegritudo
768 2159 802 2220 et
825 2159 933 2220 metus
960 2156 996 2220 11
1017 2152 1100 2219 malis

102 2242 259 2325 opinatis,
287 2242 322 2307 11
352 2243 511 2307 bonorum
541 2247 648 2308 autem
678 2264 785 2309 errore
812 2243 942 2307 laetitia
972 2243 1100 2328 gestiens

101 2329 265 2415 libidoque
297 2335 457 2414 versetur,
489 2353 561 2396 cum
594 2332 705 2397 omnia
736 2351 773 2396 ea
803 2352 878 2395 cum
911 2332 1046 2396 consilio
1075 2330 1102 2392 et

101 2419 227 2483 ratione
249 2423 408 2504 pugnent,
434 2419 486 2482 his
509 2423 546 2484 tu
567 2423 635 2484 tam
659 2419 814 2503 gravibus
838 2419 1130 2485 concitationibusrs

101 2511 233 2590 tamque
262 2507 343 2590 ipsis
371 2508 456 2572 inter
479 2529 513 2571 se
536 2505 802 2572 dissentientibus
825 2509 924 2591 atque
948 2504 1102 2571 distractis

101 2617 195 2680 quem
222 2617 371 2678 vacuum,
399 2595 554 2678 solutum,
582 2596 720 2660 liberum
749 2595 883 2677 videris,
911 2595 999 2660 hunc
1023 2592 1103 2658 dubi·

100 2683 186 2746 tabis
213 2683 345 2748 beatum
372 2682 498 2748 dicere?
547 2683 648 2766 Atqui
676 2683 805 2766 sapiens
834 2691 972 2766 semper
989 2683 1038 2748 ita
1059 2679 1104 2745 ad·

101 2768 204 2834 fectus
233 2774 295 2855 est3
325 2791 451 2854 semper
478 2771 577 2855 igitur
605 2771 732 2854 sapiens
759 2771 875 2836 beatus
899 2774 958 2834 est.
1004 2770 1103 2853 Atque

102 2858 200 2921 etiam
229 2880 322 2922 omne
349 2860 468 2923 bonum
495 2859 646 2923 laetabile
675 2862 737 2941 est3
764 2858 851 2943 quod
874 2861 984 2922 autem
1011 2859 1134 2923 laeta-eo

100 2945 181 3028 bile,
203 2945 236 3009 id
259 2947 508 3028 praedicandum
527 2951 559 3012 et
580 2968 709 3030 praese
731 2945 913 3028 ferendum3
938 2946 1025 3030 quod
1046 2944 1104 3008 tale

101 3037 221 3116 autem,
249 3033 281 3096 id
310 3033 408 3097 etiam
435 3035 625 3119 gloriosum3
654 3035 781 3099 sivero
805 3034 1000 3118 gloriosum,
1025 3034 1104 3098 certe

101 3121 276 3202 laudabile,
304 3121 390 3204 quod
417 3121 580 3188 laudabile
608 3125 730 3206 autem,
756 3121 903 3206 profecto
928 3122 1029 3186 etiam
1053 3120 1104 3183 ho·

49 3228 82 3276 44
100 3213 241 3293 nestum3
270 3209 355 3292 quod
382 3209 503 3274 bonum
529 3211 641 3296 igitur,
668 3211 701 3274 id
729 3209 912 3275 honestum.
957 3209 1005 3273 At
1031 3226 1105 3293 quae

99 3298 154 3362 isti
182 3298 267 3362 bona
293 3301 476 3381 numerant,
502 3320 543 3363 ne
571 3300 635 3382 ipsi
662 3298 790 3383 quidem
817 3298 957 3363 honesta
987 3297 1136 3375 dicunt3e

100 3386 203 3450 solum
226 3385 327 3470 igitur
348 3385 483 3467 bonum,
507 3387 590 3469 quod
613 3387 798 3468 honestum3
823 3408 861 3450 ex
884 3407 949 3469 quo
972 3385 1106 3450 efficitur

92 3473 266 3540 honestate
289 3496 353 3541 una
375 3474 476 3540 vitam
498 3475 655 3540 contineri
677 3474 815 3539 beatam.
852 3472 928 3538 Non
952 3477 1030 3538 sunt
1051 3471 1106 3557 igi·
