2346 3876
111 150 154 214 66
367 146 661 204 ACADEMICORUM
678 145 846 202 PRIORUM

112 311 199 377 enim
221 310 303 375 haec
326 310 430 395 quivis
454 310 614 374 arbitratu
632 330 692 375 suc
714 307 938 394 reprehendat,
961 307 1048 393 quod
1070 330 1125 373 nc·

112 420 225 485 gemus
243 420 313 464 rem
331 398 433 463 ullam
454 399 579 482 percipi
599 420 705 483 posse,
727 400 813 463 certe
835 397 940 462 levior
952 397 1125 480 reprehen-

112 488 162 553 sio
176 489 235 571 est,
258 487 344 572 quod
365 490 477 551 tamen
499 487 635 552 dicimus
655 507 725 551 esse
748 483 907 571 quaedam
929 485 1126 569 probabilia.

107 574 188 642 ‘Non
210 574 338 641 ridetur
364 575 427 640 hoc
450 574 530 639 satis
554 595 624 640 esso
647 574 749 641 vobis.
794 571 844 638 Ne
868 573 925 658 sit,
952 573 1013 638 illa
1036 576 1123 639 certa

112 665 265 729 debemus
279 664 429 748 effugere,
452 684 573 747 quaec
595 666 628 727 te
646 663 698 727 vel
720 661 859 726 maxime
882 661 1011 747 agitata
1033 665 1149 728 suntzs

113 751 237 818 ‘Nihil
268 752 396 837 igitur
428 750 578 816 cernis?
609 750 711 815 nihil
743 749 877 816 audis?
913 749 1016 815 nihil
1049 751 1124 816 tibi

113 845 171 906 est
193 838 476 925 perspicuuml’
512 838 686 923 Explicavi
707 838 806 923 paulo
829 841 905 904 ante
919 834 1124 904 Clitomacho

113 932 258 1009 auctore,
293 950 356 1014 quo
388 926 484 993 modo
521 928 587 992 ista
618 923 801 992 Carneades
833 926 968 1010 diceret,
1005 927 1123 1011 accipe,

113 1039 208 1103 quem
232 1016 426 1082 admodum
448 1015 560 1081 eadem
587 1015 737 1081 dicantur
758 1037 779 1080 a
801 1011 1004 1080 Clitomacho
1024 1014 1063 1079 in
1085 1035 1123 1080 ec

111 1106 206 1189 libro,
228 1125 324 1189 quem
338 1104 378 1169 ad
392 1102 427 1170 C.
441 1101 604 1169 Lucilium
623 1103 754 1188 scripsit
770 1105 910 1187 pottcm,
930 1123 1004 1168 cum
1021 1103 1121 1188 scrip·
1135 1127 1160 1167 u

113 1193 210 1258 sisset
235 1192 352 1257 iisdem
378 1192 418 1256 de
444 1193 541 1258 rebus
564 1192 606 1256 ad
628 1189 665 1258 L.
687 1189 915 1275 Censorinum,
947 1212 1036 1275 eum,
1069 1192 1124 1276 qui

113 1281 226 1347 consul
250 1302 323 1345 cum
344 1278 400 1346 M?
418 1279 555 1346 Manilio
578 1280 651 1347 fuit.
696 1277 834 1363 Scripsit
856 1278 958 1364 igitur
979 1278 1033 1344 his
1056 1279 1124 1344 fere

112 1369 221 1434 verbis
245 1366 336 1454 (sunt
359 1368 446 1433 enim
468 1369 549 1433 mihi
576 1371 670 1452 nota,
700 1371 874 1453 propterca
903 1366 991 1453 quod
1013 1389 1125 1434 aarum

111 1458 258 1542 ipsarum
279 1478 396 1541 rerum,
419 1457 458 1521 de
481 1457 597 1542 quibus
622 1457 756 1543 agimus,
777 1455 885 1540 prima
906 1456 1073 1522 institutio
1092 1460 1124 1522 et

112 1546 205 1631 quasi
237 1545 407 1630 disciplina
440 1545 497 1611 illo
533 1545 618 1610 libro
650 1541 845 1629 continetur)
877 1544 935 1609 sed
966 1545 1161 1629 scriptumrs

61 1645 111 1696 103
135 1637 185 1700 est
207 1635 267 1699 itas
307 1635 508 1700 Academicis
538 1635 666 1718 placere
695 1655 766 1699 esse
795 1654 904 1698 rernm
935 1631 1004 1698 eius
1035 1633 1124 1699 modi

112 1723 405 1807 dissimilitudines,
436 1726 475 1788 ut
503 1722 587 1786 aliae
613 1721 800 1806 probabiles
822 1721 1006 1800 rideantur,
1039 1722 1124 1787 alica

113 1815 234 1878 contra.
278 1811 317 1877 Id
340 1814 449 1876 autem
470 1831 537 1876 non
559 1831 630 1875 esse
653 1811 744 1894 satis,
766 1830 822 1874 cur
845 1808 911 1874 alia
931 1831 1029 1894 posse
1051 1832 1123 1895 per·

112 1900 178 1984 cipi
199 1900 297 1983 dicas,
320 1899 386 1964 alia
402 1918 469 1963 non
490 1919 597 1983 posse,
618 1903 790 1983 propterea
812 1898 898 1983 quod
915 1897 1019 1962 multa
1037 1898 1124 1964 falsa

112 1987 298 2071 probabilia
342 1987 423 2070 sint,
466 1986 549 2052 nihil
592 1990 700 2053 autem
741 1985 820 2051 falsi
861 1989 1051 2070 perceptum
1091 1992 1124 2053 ct
1137 2011 1162 2053 sc

114 2075 280 2160 cognitum
301 2075 407 2159 possit
420 2096 499 2140 esse.
527 2075 641 2159 Itaque
656 2076 703 2140 ait
716 2074 923 2140 vehementer
936 2096 1046 2140 errare
1060 2097 1125 2161 eos,

113 2164 169 2249 qui
191 2163 302 2228 dicant
325 2163 366 2228 ab
389 2162 565 2229 Academia
587 2185 702 2229 sensus
725 2163 820 2247 eripi,
849 2163 1007 2248 aquibus
1030 2185 1124 2230 num·

113 2274 211 2337 quam
234 2251 356 2316 dictum
378 2251 422 2316 sit
444 2254 502 2316 aut
524 2252 665 2317 colorem
679 2256 736 2317 aut
755 2272 906 2335 saporem.
926 2256 983 2316 aut
1006 2275 1124 2318 sonum

112 2340 240 2405 nullum
263 2360 347 2423 csse,
379 2339 460 2404 illud
483 2339 527 2405 sit
549 2339 763 2424 disputatum,
793 2361 860 2404 non
888 2340 995 2406 inesse
1022 2341 1061 2406 in
1081 2341 1123 2405 iis

113 2429 288 2513 propriam,
315 2450 397 2513 quae
417 2450 577 2513 nusquam
600 2429 680 2493 alibi
700 2431 793 2511 essct,
815 2428 884 2493 veri
906 2431 940 2494 et
961 2429 1043 2494 certi
1066 2450 1123 2495 no·
1136 2450 1162 2494 as

63 2529 113 2578 104
135 2521 212 2583 tam.
249 2517 337 2594 Quae
361 2539 432 2583 cum
457 2517 671 2602 exposuisset,
694 2516 844 2602 adiungit
866 2517 1037 2601 dupliciter
1059 2518 1124 2584 dici

114 2606 269 2671 adsensus
293 2605 452 2671 sustinere
471 2605 660 2690 sapientem,
682 2627 747 2670 uno
766 2605 871 2690 modo,
893 2627 967 2670 cum
989 2605 1054 2671 hoc
1075 2607 1124 2671 in·

113 2695 298 2780 tellegatur,
320 2694 451 2760 omnino
470 2714 543 2757 eum
561 2694 610 2759 rei
626 2693 710 2760 nulli
728 2693 892 2776 adsentiri,
915 2694 1028 2778 altero,
1049 2716 1124 2761 cum

114 2803 148 2848 se
172 2805 192 2848 a
209 2782 441 2867 respondendo,
464 2785 501 2845 ut
519 2786 576 2847 aut
594 2783 754 2867 adprobet
776 2781 854 2866 quid
873 2785 929 2846 aut
950 2783 1125 2867 improbet,

86 2905 89 2915 ·
114 2871 282 2955 sustineat,
304 2873 341 2935 ut
362 2891 468 2956 neque
490 2875 588 2956 neget
610 2870 733 2955 aliquid
754 2890 857 2954 neque
880 2870 957 2935 aiat.
988 2870 1026 2936 Id
1050 2894 1161 2938 cumn

113 2960 162 3025 ita
185 2959 241 3043 sit,
264 2959 400 3023 alterum
422 2958 564 3043 placere,
587 2963 624 3023 ut
645 2980 822 3043 numquam
845 2958 1054 3044 adsentiatur,
1078 2960 1124 3026 al·

113 3052 220 3114 terum
242 3050 366 3131 tenere,
395 3051 433 3112 ut
455 3069 591 3133 sequens
618 3046 897 3132 probabilitatem,
929 3048 1125 3136 ubicumque

114 3136 194 3201 hacc
218 3136 275 3199 aut
298 3139 447 3201 occurrat
469 3140 527 3202 aut
555 3135 696 3218 deficiat,
718 3140 775 3201 aut
798 3134 925 3201 ‘etiam'
949 3142 1007 3203 aut
1025 3136 1125 3204 ‘non'

114 3223 308 3308 respondere
329 3226 444 3307 possit.
480 3223 542 3290 Sed
564 3246 638 3290 cum
659 3224 788 3309 placeat
810 3247 892 3310 eum,
914 3225 970 3311 qui
992 3226 1033 3291 de
1056 3249 1126 3301 om,-

115 3313 211 3378 nibus
224 3313 320 3377 rebus
335 3313 499 3378 contineat
517 3335 551 3378 se
570 3314 611 3378 ab
631 3313 847 3397 adsentiendo,
871 3309 996 3379 moveri
1012 3318 1127 3381 tamen
1138 3341 1164 3385 ss

115 3407 266 3487 stagera
294 3401 429 3486 aliquid,
460 3401 600 3486 relinqui
623 3401 691 3467 cius
718 3400 805 3466 modi
827 3401 911 3486 risa,
941 3402 1061 3487 quibus
1084 3403 1126 3469 ad

110 3490 274 3556 actionem
290 3490 474 3579 excitemur,
491 3491 572 3557 item
585 3511 632 3576 ca,
646 3511 729 3577 quae
741 3489 936 3577 interrogati
953 3491 989 3556 in
1002 3494 1126 3557 utram·
