2346 3876
103 168 168 232 282
298 167 596 224 TUSCULANARUM
613 166 916 223 DISPUTATIONUM

50 343 84 390 ιο
169 330 210 394 A.
237 330 289 395 Ita
311 353 443 414 prorsus
467 330 626 396 existimo.

168 419 217 484 M.
238 418 314 502 Dic,
338 440 469 503 quaeso:
493 440 572 482 num
594 423 627 482 te
645 417 703 482 illa
725 420 863 500 terrent,
885 417 1002 498 triceps
1022 409 1087 512 apud

103 506 224 571 inferos
240 504 415 590 Cerberus·
426 504 542 590 Cocyti
560 505 672 571 fremit
657 511 719 589 tus,
736 467 871 571 travect
862 525 894 569 10
848 501 1067 569 ttAcheron
1060 521 1087 578 ιι,

102 629 231 695 Mento
256 651 437 694 summam
461 651 607 693 amnem
631 627 830 712 attmgena
858 630 1013 692 enectus
1036 620 1088 688 siti

98 770 280 835 Tantalus?
303 775 373 835 tum
395 771 489 854 illud,
512 769 599 854 quod
1098 781 1106 820 ⁵

700 890 893 977 Sisyphus
916 892 1041 956 versat

104 979 241 1046 Saxum
271 982 411 1047 sudans
441 982 501 1046 nit
486 981 600 1046 tendo
630 1001 751 1065 neque
766 915 944 1064 ypprofioit
971 972 1091 1043 hilum?

104 1123 244 1187 fortasse
268 1123 366 1186 etiam
389 1122 606 1187 inexorabiles
633 1121 768 1204 iudices,
794 1119 903 1185 Minos
931 1123 964 1183 et
985 1116 1093 1182 Rhada-

104 1209 279 1274 manthus?
307 1210 393 1293 apud
421 1232 500 1294 quos
523 1231 582 1274 nec
609 1212 642 1272 te
664 1208 699 1273 L.
724 1170 860 1272 Crassus
884 1207 1030 1271 defendet
1049 1223 1094 1268 nec

105 1296 146 1360 M.
170 1296 330 1362 Antonius
358 1319 431 1379 nec,
459 1297 613 1381 quoniam
641 1297 726 1380 apud
749 1294 891 1360 Graecos
914 1295 1033 1360 iudices
1053 1312 1093 1355 res
1103 1309 1119 1347 ιι

105 1390 219 1468 agetur
223 1385 373 1486 ‚poteris
392 1385 545 1449 adhibere
562 1384 816 1468 Demosthenem
842 1383 904 1447 tibi
922 1383 986 1466 ipsi
1003 1384 1095 1467 prote

105 1475 167 1538 erit
181 1474 320 1537 maxima
334 1494 452 1538 corona
464 1494 560 1537 causa
573 1472 715 1537 dicenda.
737 1471 827 1536 Haec
840 1471 981 1536 fortasse
995 1492 1043 1535 me
1044 1468 1096 1533 tuis

105 1561 284 1625 etidcirco
312 1565 449 1626 mortem
478 1583 587 1625 censes
616 1581 685 1626 esse
718 1560 951 1643 sempiternum
983 1559 1096 1623 malum

62 1647 85 1708 6
171 1650 210 1712 A.
239 1649 371 1712 Adeone
386 1671 437 1712 me
451 1648 588 1712 delirare
602 1670 723 1728 censes,
741 1652 779 1713 ut
799 1648 864 1711 ista
878 1669 950 1712 essc
965 1642 1096 1711 credam?

171 1743 215 1800 M
238 1737 329 1800 Ant
315 1741 351 1801 tu
373 1737 453 1801 haec
475 1757 543 1800 non
565 1736 689 1801 credis?
1106 1745 1123 1785 ¹³

171 1827 211 1889 A.
239 1824 372 1889 Minime
397 1846 482 1889 ver0.

171 1919 216 1977 M.
238 1912 324 1976 Male
347 1912 476 1976 hercule
499 1935 621 1977 narras.

171 2002 212 2064 A.
240 1998 329 2065 Gur?
352 2022 480 2085 quaese.

171 2094 215 2151 M.
240 2088 323 2163 Quia
350 2088 488 2153 disertus
517 2111 587 2153 esse
615 2110 757 2189 possem,
787 2089 816 2152 si
839 2091 954 2153 contra
981 2089 1043 2152 ista
1063 2083 1098 2148 di·

106 2197 218 2239 cerem.
1107 2187 1125 2226 ²⁰

53 2287 84 2332 ιι
172 2265 212 2327 A
245 2263 323 2339 Quis
353 2265 439 2329 enim
460 2287 527 2329 non
554 2265 588 2328 in
611 2266 679 2329 eius
703 2265 790 2328 modi
814 2263 933 2328 causa?
959 2268 1015 2328 aut
1037 2257 1099 2346 quid

104 2355 204 2435 negot
205 2352 230 2415 ii
253 2356 302 2416 est
288 2351 405 2416 thaec
426 2357 596 2435 poetarum
618 2357 651 2416 et
676 2353 837 2436 pictorum
864 2355 1018 2434 portenta
1040 2369 1099 2415 con

105 2439 254 2504 vincere?

170 2529 218 2592 M.
241 2528 344 2611 Atqui
376 2528 464 2612 pleni
496 2528 573 2592 libri
605 2532 680 2592 sunt
712 2532 825 2592 contra
852 2527 956 2592 ista
945 2550 1019 2612 ipsa
1047 2525 1100 2589 dis·

104 2617 281 2680 serentium
304 2616 580 2700 philosophorum.
1110 2621 1127 2664 2⁵

170 2705 211 2767 A.
238 2704 352 2788 Inepte
376 2725 460 2768 sane
499 2703 577 2779 Quis
601 2697 687 2767 enim
710 2707 760 2767 est
782 2706 850 2766 tam
873 2723 996 2782 excors,
1019 2720 1102 2788 quem

105 2792 171 2854 ista
194 2792 363 2856 moveant?

171 2884 217 2940 M.
241 2876 274 2942 si
297 2901 374 2962 ergo
398 2880 483 2962 apud
505 2880 626 2944 inferos
646 2880 754 2943 miseri
772 2901 838 2944 non
862 2883 952 2963 sunt,
975 2902 1016 2945 ne
1039 2878 1104 2942 sunt

103 2965 233 3048 quidem
256 2967 342 3048 apud
364 2967 485 3032 inferos
511 2968 579 3031 ulli.

172 3055 212 3117 A.
238 3051 291 3116 Ita
313 3074 445 3137 prorsus
468 3056 627 3120 existimo.
1114 3065 1133 3104 ³⁰

171 3145 217 3204 M.
240 3139 306 3204 Ubi
325 3144 400 3204 sunt
418 3162 495 3225 ergo
514 3143 552 3225 ii,
575 3165 654 3227 quos
673 3143 810 3208 miseros
829 3143 924 3227 dicis,
943 3149 1001 3209 aut
1019 3162 1104 3227 quem

105 3229 212 3293 locum
244 3227 410 3293 incolunt?
465 3227 499 3293 si
527 3231 611 3295 enim
639 3236 728 3314 sunt,
754 3252 916 3314 nusquam
949 3255 1020 3296 esse
1048 3249 1106 3295 nou

104 3319 251 3399 possunt

171 3405 212 3469 A.
238 3404 310 3490 Ego
334 3427 409 3470 vero
432 3427 591 3489 nusquam
614 3428 685 3471 esse
707 3407 782 3471 illos
808 3409 896 3489 puto.

168 3498 214 3558 M.
236 3491 408 3580 igiturne
431 3516 500 3561 esse
525 3494 675 3580 quidem?
938 3574 947 3597 ἱ
1119 3511 1138 3550 ιι
