2356 3870
265 152 333 207 uns.
351 153 398 208 111.
428 153 504 210 cnr.
523 160 553 222 4,
573 160 598 211 s.
626 160 641 220 s
665 161 785 211 12-17.
968 156 1030 218 177

51 331 123 393 qum
148 314 393 397 prodgmenis
417 318 451 378 et
476 317 796 400 apoprodgmenis
827 317 1031 400 concedatur3

50 419 219 484 quamquam
237 400 317 466 haec
336 401 464 486 quidem
482 405 711 486 praeposita
728 408 814 468 recte
833 409 867 469 et
884 406 1032 469 reiecta

49 485 131 553 dicere
153 488 274 553 licebit
323 489 412 554 Bene
438 489 534 573 fecis,
560 491 678 574 inquit,
706 491 792 575 quod
814 514 865 556 me
889 491 1032 575 adiuvas,
1052 506 1084 554 1o

48 577 70 672 et
88 575 158 640 istis
186 575 329 660 quidem,
357 598 440 661 quae
466 579 562 642 modo
590 579 714 661 dixisti,
740 583 815 643 utar
841 580 949 662 potius
973 579 1032 642 La-

46 663 117 745 tuis,
143 663 178 727 in
207 665 320 728 ceteris
349 665 532 749 subvenies,
560 667 588 729 si
611 687 662 730 me
687 665 875 730 haerentem
897 667 1032 730 videbis.

46 745 154 833 Sedulo,
182 751 327 836 inquam,
354 751 481 818 faciam.
531 750 593 817 Sed
616 753 759 818 ‘fortuna
782 753 904 829 fortis'3
935 775 1032 837 quare

45 857 154 988 ἔφη,
170 859 323 990 ?quaes0.
382 839 466 916 Quid
502 842 586 904 enim
626 862 797 926 possumus
838 841 901 905 hoc
936 861 1032 925 agere

67 947 165 990 umus

93 1013 203 1078 Placet
234 1014 299 1098 his,
317 1015 447 1103 inquit,
478 1038 614 1100 quorum
646 1017 728 1082 ratio
756 1017 836 1081 mihi
869 1017 1072 1101 probatur,5

45 1099 222 1185 simulatque
248 1105 363 1167 natum
391 1104 435 1167 sit
462 1104 585 1168 animal
613 1103 703 1189 (hinc
726 1107 812 1169 enim
835 1109 885 1169 est
910 1104 1033 1170 ordien-

45 1185 130 1274 dum),
152 1190 262 1272 ipsum
285 1189 348 1254 sibi
372 1191 538 1256 conciliari
557 1195 589 1256 et
607 1193 824 1257 commendari
843 1193 885 1257 ad
903 1214 937 1257 se
960 1214 1033 1258 con·

46 1276 219 1342 servandum
251 1281 284 1340 et
315 1278 355 1342 sd
384 1299 476 1342 suum
504 1281 624 1343 statum
652 1301 765 1365 eaque,
797 1303 879 1364 quae
909 1301 1033 1345 conser-

45 1365 137 1429 untia
159 1369 239 1429 sunt
261 1365 328 1430 eius
351 1369 468 1449 status,
498 1365 672 1451 diligenda,
700 1368 836 1432 alienari
860 1371 968 1432 autem
991 1369 1032 1432 ab

45 1448 161 1517 interitu
198 1453 300 1537 iisque
332 1454 445 1537 rebus,
476 1476 558 1538 quoe
590 1455 758 1518 interitum
789 1456 959 1520 videantur
988 1454 1033 1518 sf-

45 1536 122 1604 lorre.
179 1540 217 1605 Id
253 1541 300 1605 ita
335 1562 406 1605 esse
438 1542 484 1605 sic
514 1542 667 1625 probant,
700 1542 784 1626 quod
817 1546 904 1624 ante,
937 1564 1033 1625 quam

45 1627 178 1712 voluptas
202 1632 259 1693 aut
281 1628 373 1694 dolor
396 1629 557 1713 attigerit,
585 1630 738 1694 solutoris
762 1633 917 1713 appetunt
939 1631 1033 1711 parvi

45 1718 692 1890 ttlnttfflfftttilsttltt
707 1718 1034 1870 fitssirttdld

319 1854 327 1884 ‚
693 1856 700 1869 .

46 1895 152 1974 posset,
179 1896 216 1956 ut
242 1895 431 1977 oppeterent
458 1892 593 1977 aliquid,
624 1893 689 1957 nisi
716 1914 846 1958 sonsum
877 1892 1035 1956 haberent

47 1979 85 2042 sui
104 2000 202 2063 eoque
224 2001 260 2045 se
282 1981 461 2065 diligerent
502 1980 553 2046 Ex
576 2002 639 2064 quo
662 1981 808 2065 intellegi
832 1981 927 2045 debet
948 1980 1035 2063 prin-

48 2064 149 2149 cipium
181 2067 311 2132 ductum
343 2090 413 2132 esse
445 2090 466 2132 a
497 2090 531 2132 se
568 2067 739 2152 diligendo.
796 2067 835 2133 ln
866 2068 1033 2152 principiis
1054 2083 1086 2130 17

49 2157 138 2233 tutem
164 2157 366 2221 naturalibus
393 2156 537 2240 plerique
561 2153 660 2220 Stoici
687 2178 753 2221 non
779 2159 897 2238 putant
922 2156 1034 2238 volup·

49 2240 131 2306 bum
158 2264 228 2308 esse
255 2243 446 2327 ponendam.
500 2244 624 2319 Quibus
656 2265 716 2329 ego
749 2243 954 2308 vehementer
986 2264 1034 2307 as-

51 2331 166 2415 sentior,
201 2353 259 2414 ne,
291 2333 319 2395 si
356 2333 556 2415 voluptatem
587 2335 704 2396 natura
739 2332 888 2414 posuisse
925 2331 960 2393 in
995 2331 1035 2393 iis

40 2415 127 2482 subus
149 2419 309 2502 videatur,
332 2440 413 2503 quae
431 2419 555 2503 primae
574 2422 784 2503 appetuntur,
807 2418 910 2481 multa
926 2418 1036 2499 turpia

52 2504 923 2678 till{udaltdttissmdtttltvlttt
940 2526 1035 2654 epp

927 2642 934 2673 l

52 2694 157 2767 lmus,
184 2645 270 2767 quod
297 2617 348 2747 illst
374 2679 482 2765 nemo,
512 2682 603 2766 quin,
637 2703 708 2746 cum
740 2681 898 2745 utrumvis
931 2678 1036 2761 liceat,

53 2770 125 2849 tptss
148 2771 243 2834 malit
271 2774 304 2835 et
330 2771 475 2854 integras
503 2769 608 2834 omnis
638 2770 740 2852 partis
764 2768 907 2852 corporis
932 2788 1036 2850 quam,

40 2854 143 2922 todem
165 2880 241 2941 usu,
272 2859 460 2922 imminutas
489 2860 545 2920 aut
573 2856 716 2921 detortas
743 2856 872 2921 habere.
916 2853 1037 2918 Rerum

52 2946 138 3011 uem
166 2946 382 3031 cognitiones,
410 2967 489 3030 quas
517 2945 568 3008 vel
595 2944 956 3027 comprehensiones
985 2944 1037 3008 uel

51 3034 302 3118 perceptiones
324 3035 389 3116 vel,
417 3034 445 3096 si
472 3032 553 3096 haec
575 3032 674 3110 verba
696 3035 753 3095 aut
775 3032 881 3095 minus
911 3031 1038 3115 placent

51 3122 93 3184 ut
110 3123 217 3187 minus
241 3121 487 3205 intelleguntur,
510 3115 709 3201 καταλήψεις
729 3119 929 3203 appellemus
952 3119 1037 3199 licet,

50 3218 90 3273 lu
111 3209 213 3293 igitur
240 3209 327 3291 ipsas
354 3211 489 3291 propter
517 3228 551 3270 se
579 3206 800 3272 adsciscendas
833 3207 1038 3285 arbitramur,

40 3297 115 3375 *lucil
146 3297 293 3363 habeant
323 3296 473 3380 quiddam
505 3296 540 3359 in
571 3316 605 3358 se
642 3296 734 3379 quasi
770 3295 969 3377 complexum
1004 3297 1037 3356 et

48 3384 199 3452 mutinens
233 3384 413 3448 veritatem.
466 3381 503 3446 ld
535 3386 643 3447 autem
679 3385 714 3447 iu
749 3383 858 3465 parvis
892 3379 1037 3463 intellegi

46 3472 151 3560 usse,
179 3493 260 3558 quos
289 3471 442 3536 delectari
464 3470 642 3550 videamus,
669 3471 797 3534 etiamsi
821 3488 931 3532 eorum
954 3465 1039 3530 nihil

85 3594 137 3639 σω.
149 3596 192 3639 n‘.
207 3597 226 3636 1.
791 3575 823 3624 1²
