2346 3876
112 170 157 235 80
366 165 662 221 ACADEMIOORUM
680 165 848 220 PRJORUM

112 331 238 417 pienti?
278 329 389 395 Placet
412 327 528 394 Stoicis
540 328 660 395 ,omnia
680 331 817 412 peccate
838 349 917 392 esse
932 327 1034 411 paria.
1077 326 1119 391 At

112 421 175 485 hoc
196 418 359 484 Antiocho
388 416 669 482 vehementissime
702 416 863 500 displicet.
908 415 1023 480 Liceat
1051 417 1118 479 tan·

113 509 187 573 dem
209 507 292 572 mihi
305 506 518 589 considerare,
540 508 647 569 utram
661 503 858 569 sententiam
872 525 998 588 sequar.
1029 502 1118 569 Prae·

113 596 192 679 cidc,
215 595 335 681 inquit;
357 597 464 659 statue
478 592 651 685 aliquando
666 592 832 676 quidlibet.
870 592 965 676 Quid,
987 592 1026 675 ei,
1043 612 1117 676 quae

113 684 264 750 dicuntur
285 684 320 748 in
342 686 511 767 utramque
533 684 669 766 partem,
695 684 728 745 et
751 684 848 745 acuta
869 681 952 744 mihi
974 680 1135 745 videntum

114 776 147 837 ct
178 773 294 857 paria?
326 792 431 836 nonne
463 790 607 852 caveam,
634 790 675 833 ne
699 769 803 833 scelus
826 768 967 833 faciam?
1015 767 1116 833 Scelus

114 860 200 925 onim
223 859 352 925 dicebas
376 879 456 942 esse,
478 857 621 940 Luculle,
643 857 764 940 dogma
785 857 933 940 prodere.
966 853 1115 922 Contineo

114 948 216 1035 igitur
238 969 302 1031 me,
334 968 375 1012 ne
397 947 564 1031 incognito
587 946 762 1031 adsentiar3
796 944 882 1029 quod
910 945 994 1010 mihi
1021 949 1115 1011 tecum

64 1048 113 1097 rue
138 1040 189 1101 cst
210 1035 329 1121 dogma
351 1055 528 1099 commune.
559 1033 644 1098 Ecce
666 1033 770 1098 multo
800 1033 906 1099 maior
934 1033 1034 1099 etiam
1061 1032 1115 1096 dis-

116 1124 232 1189 sensio.
279 1122 365 1188 'deno
397 1124 432 1187 in
459 1144 523 1188 una
550 1123 670 1187 virtute
696 1121 838 1206 positam
871 1122 1004 1186 beatam
1026 1121 1141 1186 uuna

115 1216 217 1297 putat.
263 1210 347 1287 Quid
369 1209 572 1275 Antiochus?
616 1210 741 1293 Etiam,
763 1210 884 1294 inquit,
907 1209 1048 1294 beatam,
1069 1204 1116 1273 scd

114 1322 181 1365 aron
204 1299 435 1364 beatissimam.
479 1297 568 1363 Deus
590 1298 659 1383 ille,
682 1298 737 1382 qui
759 1298 843 1363 nihil
865 1298 997 1363 censuit
1019 1298 1115 1363 deesse

115 1387 242 1471 virtuti,
275 1386 447 1453 homuncio
480 1384 547 1469 hic,
575 1388 631 1471 qui
662 1387 765 1450 multa
787 1389 884 1470 putat
910 1391 1043 1470 praeter
1063 1386 1116 1451 vir·

117 1480 219 1540 lutera
243 1474 367 1540 homiui
396 1474 518 1557 partim
541 1496 617 1539 cara
639 1496 722 1558 esse,
753 1475 874 1557 partim
897 1475 999 1539 etiam
1021 1493 1116 1539 neces·

116 1564 210 1629 steria.
257 1562 320 1628 Sed
342 1562 407 1645 ille,
429 1584 555 1646 vereor,
577 1584 618 1627 ne
640 1562 755 1627 virtuti
777 1563 850 1646 plus
873 1563 1010 1647 tribuat,
1032 1578 1144 1647 quana

117 1654 231 1717 aratura
253 1650 406 1735 patiatur,
428 1651 620 1733 praesertim
638 1649 865 1734 Theophrasto
883 1651 991 1716 multa
1010 1650 1118 1715 disere
1139 1684 1144 1693 ·

116 1739 308 1824 lupinaeque
331 1744 438 1804 ‹eatro
460 1738 594 1803 dicente.
629 1738 675 1803 Et
696 1739 758 1816 hic,
780 1742 901 1822 metuo,
923 1760 966 1803 ne
988 1739 1044 1803 vix
1064 1736 1119 1803 sibi

116 1830 254 1907 constat,
287 1826 438 1911 quicum
464 1827 553 1892 dicat
579 1847 650 1890 esse
677 1826 836 1910 quaedam
860 1831 894 1891 et
922 1827 1120 1911 corporiset

118 1916 265 1979 l'orlunau
293 1913 394 1996 mala,
425 1918 644 1998 tamencum,
677 1916 733 1998 qui
759 1915 794 1980 in
813 1914 873 1978 'hia
897 1915 1051 1980 omnibus
1076 1913 1121 1995 sil,

117 2002 247 2066 lualurn
270 2000 340 2065 loro
364 2006 505 2085 censeat,
533 2002 561 2067 si
584 2003 715 2086 sapiens
738 2003 790 2066 sit
836 2001 1029 2088 Distrahor3
1059 2006 1151 2068 tuma

117 2088 177 2153 boe
207 2086 287 2153 milri
319 2089 534 2173 probabilius,
562 2093 633 2154 tum
665 2090 746 2154 illud
773 2090 916 2174 videtur,
948 2094 984 2156 et
1009 2095 1123 2167 tamen,

73 2238 81 2301 Ι
95 2238 104 2301 ι
118 2174 178 2275 arisi
194 2176 385 2279 alterutrum
400 2178 452 2260 sit,
469 2177 629 2278 virtutem
642 2178 747 2279 iacere
768 2179 866 2280 plane
883 2183 977 2263 puto.
1009 2178 1124 2282 Verum
1162 2216 1167 2253 ι

140 2262 1124 2440 :1:„31‘enecante{terinaneum
1162 2294 1167 2407 ἓ

118 2460 292 2525 aarernquuar
319 2460 379 2503 nee
403 2439 579 2523 cupiditate
602 2443 727 2507 moveri
752 2464 812 2507 nec
839 2444 971 2509 laetitia
992 2440 1167 2513 ecferri'lal

122 2526 203 2611 alpe,
227 2526 305 2591 lrecoo
329 2527 512 2611 probabilia
535 2550 612 2593 sane
630 2530 710 2614 sint,
732 2552 811 2595 num
830 2531 931 2596 etiam
954 2533 1024 2617 illa,
1042 2553 1126 2598 num·

117 2638 213 2697 «precem
234 2614 356 2687 tiraoro,
377 2636 554 2701 raramquam
572 2617 703 2682 dolere?
733 2616 913 2702 Sapiensne
926 2642 996 2686 non
1008 2621 1128 2703 timeat,

119 2724 158 2765 ru*
182 2702 286 2785 patna
305 2701 474 2767 colea-ur?
496 2726 563 2768 non
585 2705 703 2788 doleat,
725 2706 755 2770 si
777 2706 885 2772 deleta
903 2708 971 2773 sit?
997 2706 1128 2789 Durum,

117 2788 173 2851 aa
197 2788 318 2853 Ἰωιιυιιὶ
346 2792 576 2876 neuessarium,
608 2794 660 2857 cui
692 2798 823 2877 praeter
849 2795 1029 2863 honestum
1049 2794 1128 2864 nihil

117 2878 167 2939 ul
192 2876 223 2940 ia
248 2876 349 2942 borae.
375 2877 435 2942 tibi
458 2900 545 2963 vero,
566 2879 737 2965 Antioche,
759 2882 904 2967 minime,
926 2885 982 2950 cui
1003 2887 1164 2971 praetera·

118 2962 322 3027 tenerositatem
351 2966 452 3030 altaalta
479 2967 580 3050 bona,
611 2973 741 3052 praeter
766 2972 1008 3054 turpitudinem
1030 2972 1130 3039 multe

119 3048 203 3115 cereata
228 3050 389 3133 nictantur,
420 3074 502 3137 elnae
526 3059 559 3120 et
580 3057 745 3123 venientia
767 3063 895 3124 metuat
925 3061 1059 3148 sapiens
1079 3082 1129 3128 ne

117 3160 206 3201 creasse
229 3140 278 3201 cst
301 3140 484 3206 obvenisse
507 3142 624 3208 eloleat.
670 3144 734 3210 Sed
758 3169 889 3233 quaero,
912 3150 1048 3234 quando
1070 3150 1132 3216 isa

120 3224 239 3290 tinniat·
266 3224 502 3293 «abbandunia
525 3236 634 3297 vetere
667 3232 810 3319 decreta,
842 3239 881 3302 ut
907 3239 1059 3305 animum
1086 3260 1132 3305 sa·

119 3314 236 3395 ,aestua
260 3317 452 3381 ‹autrum-cri
475 3322 508 3382 et
531 3321 719 3387 conturbari
741 3325 924 3409 negarent?
963 3324 1167 3393 Mediocri-a

119 3404 201 3463 latae
226 3398 272 3465 illi
297 3402 530 3485 praeclamet.
552 3408 697 3474 inomni
719 3413 926 3495 permotione
950 3416 1135 3482 naturalem
1160 3472 1165 3483 .

108 3486 265 3555 retulerat
282 3514 354 3559 esse
376 3492 543 3583 ultraridam
561 3496 706 3567 mudum.
734 3498 890 3587 Legimus
905 3524 1022 3570 omnes
1036 3502 1135 3571 Oran‘
