2346 3876
267 180 335 234 ΜΒ.
354 181 374 237 1.
403 179 480 236 car.
499 186 621 236 ar-ae.
650 186 806 246 sea-es.
978 179 1044 244 299

54 345 126 406 esset
140 343 202 408 hoc
217 342 350 408 acrioris
366 343 531 408 cuiusdam
546 344 645 407 animi
663 346 873 427 praeceptum
886 343 1044 408 tributum

55 419 102 493 deo
123 433 177 511 [se.
201 431 264 496 hoc
287 452 321 495 se
343 431 452 513 ipsum
474 453 570 515 posse
594 433 810 516 cognoscere}

108 516 166 583 Sed
194 519 236 603 si,
269 519 372 603 qualis
405 519 449 583 sit
479 520 618 594 animus,
652 520 721 603 ipse
754 519 881 583 animus
913 519 1044 601 nesciet,
1062 530 1096 577 53

55 599 104 689 dic,
125 628 259 691 quaese,
281 629 322 671 ne
345 628 416 671 esse
439 608 624 696 quidemlse
647 608 741 691 sciet,
765 629 806 671 ne
829 607 953 671 moveri
976 607 1044 689 qui-

32 689 112 758 idem
134 694 193 759 se?
238 695 288 759 Ex
316 717 378 779 quo
406 695 466 759 illa
488 696 573 760 ratio
596 699 675 760 nata
702 701 751 760 est
775 694 935 777 Platonis,
963 717 1043 777 quae

51 780 222 855 usserate
255 785 305 847 est
340 783 376 847 in
406 783 553 849 Phaedro
586 783 759 867 explicata,
796 805 816 848 a
852 804 903 847 me
936 787 1044 846 autem

47 871 144 951 posita
163 873 214 934 est
236 871 380 935 inserto
403 871 487 936 libro
507 871 601 936 dere
621 872 764 956 publica:
797 870 899 947 ‘Quod
920 892 1045 953 semper
1055 867 1097 932 23

46 962 197 1037 novetur,
232 961 398 1023 aeternum
429 963 491 1042 cst3
523 960 607 1044 quod
640 964 748 1024 autem
779 963 903 1024 motum
940 958 1046 1023 adfert

44 1047 147 1130 alicui,
170 1046 318 1130 quodque
341 1048 448 1131 ipsum
468 1048 611 1132 agitatur
631 1048 774 1131 aliunde,
797 1047 925 1131 quando
948 1048 1045 1111 finem

42 1133 136 1200 habet
153 1138 272 1218 motus,
290 1135 417 1199 vivendi
436 1135 533 1200 finem
551 1135 672 1200 habeat
688 1157 819 1201 necesse
838 1141 896 1200 est.
934 1133 1045 1199 Solum

39 1224 150 1307 igitur,
175 1222 261 1307 quod
280 1244 313 1286 se
332 1222 441 1305 ipsum
459 1228 579 1307 movet,
599 1224 674 1307 quia
691 1246 867 1308 numquam
887 1224 1045 1288 deseritur

38 1334 57 1375 a
74 1333 122 1396 se,
145 1332 324 1394 numquam
342 1332 384 1375 ne
402 1311 525 1376 moveri
543 1312 672 1395 quidem
695 1312 827 1398 desiuit3
851 1312 928 1395 quin
947 1313 1045 1376 etiam

37 1399 164 1483 ceteris,
192 1420 274 1482 quae
296 1402 480 1484 moventur,
508 1399 562 1464 hic
584 1399 671 1483 fons,
694 1400 756 1464 hcc
779 1400 972 1482 principium
996 1404 1046 1464 est

36 1486 195 1553 movendi.
247 1486 403 1571 Principii
436 1491 545 1552 autem
577 1488 669 1552 nulla
700 1492 751 1552 est
783 1488 888 1571 orig03
918 1509 995 1551 nam
1028 1500 1098 1551 ear

36 1576 197 1660 principio
225 1574 374 1639 oriuntur
402 1576 525 1659 omnia,
555 1577 662 1659 ipsum
690 1579 798 1640 autem
824 1575 916 1639 nulla
944 1596 982 1639 ex
1010 1597 1046 1639 re

36 1664 102 1729 alia
124 1663 217 1727 nasei
239 1665 361 1746 potest,
384 1684 444 1728 nec
463 1665 550 1728 enim
569 1666 655 1728 esset
676 1664 709 1728 id
732 1663 938 1746 principium,
962 1664 1046 1746 quod

35 1753 225 1838 gigneretur
244 1750 386 1834 aliundc3
411 1752 497 1836 quod
520 1753 548 1816 ei
569 1774 746 1836 numquam
762 1751 878 1835 oritur,
900 1773 941 1814 ne
963 1752 1045 1816 ocei-

35 1841 83 1905 dit
111 1839 242 1924 quidem
270 1861 436 1923 umquam3
461 1861 538 1904 nam
568 1841 765 1924 principium
787 1840 963 1904 extinctum
986 1861 1045 1904 nec

35 1930 144 2012 ipsum
177 1927 218 1991 ab
252 1926 317 1991 alio
354 1933 542 1992 renascetur
572 1949 631 1992 nec
664 1949 701 1994 cr
732 1950 766 1993 ae
799 1928 885 1992 aliud
915 1927 1046 2010 creabit,

37 2015 198 2102 siquidem
221 2036 351 2087 necesse
375 2019 424 2079 est
448 2038 467 2080 a
489 2016 647 2100 principio
671 2016 750 2081 oriri
773 2016 890 2080 omnia.
925 2014 978 2081 Ita
1000 2016 1046 2098 fit,

36 2109 73 2169 ut
103 2107 213 2168 motus
240 2103 439 2187 principium
471 2125 510 2168 ex
542 2125 579 2169 eo
613 2105 669 2188 sit,
705 2104 790 2188 quod
821 2102 928 2188 ipsum
961 2127 981 2169 a
1012 2126 1045 2169 se

36 2197 199 2276 movetur,
231 2191 264 2255 id
297 2195 405 2257 autem
437 2213 495 2256 nec
527 2193 617 2256 nasci
643 2197 754 2276 potest
780 2214 838 2258 nee
866 2193 962 2276 mori,
994 2194 1046 2257 vel

35 2279 187 2347 'concidat
216 2301 310 2344 omne
339 2280 463 2345 caelum
491 2281 659 2365 omnisque
685 2286 802 2346 natura
832 2287 862 2346 et
889 2281 1047 2345 consistat

34 2390 170 2434 necesse
193 2371 325 2434 estnec
348 2368 413 2432 vim
440 2368 541 2433 ullam
563 2369 782 2453 nanciscatur,
810 2390 874 2452 qua
895 2389 917 2432 a
941 2370 1045 2452 primo

37 2457 182 2542 impulsa
208 2459 384 2522 moveatur.
434 2454 517 2521 Cum
543 2460 656 2541 pateat
684 2457 785 2541 igitur
817 2460 983 2520 aeternum
1014 2456 1047 2520 id

36 2567 122 2628 esse,
151 2544 235 2628 quod
264 2567 297 2610 se
325 2545 432 2628 ipsum
455 2549 598 2630 moveat,
621 2545 692 2629 quis
716 2549 778 2628 est,
808 2544 862 2628 qui
884 2543 969 2608 hanc
991 2565 1047 2608 na·

35 2636 143 2698 turam
172 2632 289 2697 animis
318 2654 387 2698 esse
418 2632 577 2698 tributam
607 2633 727 2718 neget?
780 2632 964 2696 Inanimum
997 2636 1047 2696 est

36 2722 123 2786 euim
147 2742 255 2804 omne,
278 2720 363 2806 quod
385 2721 480 2805 pulsu
499 2723 641 2806 agitatur
664 2725 809 2805 extern03
832 2720 917 2804 quod
939 2723 1047 2785 autem

36 2813 87 2875 est
118 2809 253 2893 animal,
283 2809 316 2874 id
346 2814 437 2874 motu
468 2810 569 2874 cietur
599 2811 753 2874 interiore
784 2811 816 2873 et
845 2831 912 2874 suo.
961 2808 1046 2875 Nam

37 2897 119 2962 haec
142 2901 192 2962 est
214 2897 347 2981 propria
368 2901 486 2962 natura
509 2898 609 2963 animi
633 2901 729 2982 atquc
752 2898 814 2982 vis3
840 2918 922 2982 quae
945 2897 974 2962 si
998 2902 1047 2962 est

36 3008 102 3051 una
121 3006 160 3050 ex
180 2986 344 3065 omuibus,
363 3007 444 3070 quae
464 3007 499 3049 se
517 2985 589 3069 ipsa
611 2988 764 3071 [semper]
783 2989 922 3069 moveat,
943 3007 1046 3070 neque

36 3078 114 3138 nata
133 3077 219 3138 certe
239 3078 288 3138 est
307 3078 339 3138 et
358 3079 490 3138 aeterna
508 3071 576 3138 est’.
613 3073 706 3138 Licet
724 3079 916 3139 concurrant
936 3095 1045 3138 omnes
1064 3093 1098 3141 55

36 3162 157 3246 plebeii
190 3161 377 3247 philosophi
409 3160 471 3247 (sie
503 3161 588 3226 enim
621 3163 659 3246 ii,
695 3163 749 3246 qui
786 3185 805 3226 a
841 3162 977 3226 Platone
1014 3165 1046 3224 et

36 3249 170 3315 Socrate
199 3253 232 3313 et
259 3250 299 3314 ab
323 3271 362 3315 ea
384 3249 512 3314 familia
535 3250 702 3334 dissident,
728 3249 914 3334 appellandi
937 3249 1046 3312 viden-

35 3336 119 3423 tur),
141 3359 208 3402 non
231 3338 326 3402 modo
350 3337 432 3402 nihil
454 3360 607 3422 umquam
630 3342 699 3402 tam
719 3338 884 3421 eleganter
907 3335 1045 3417 expliea-

36 3426 135 3509 bunt,
173 3424 229 3489 sed
265 3447 306 3491 ne
341 3425 404 3490 hoc
440 3425 567 3510 quidem
604 3426 712 3509 ipsum
748 3445 846 3515 quam
882 3422 1047 3486 subtiliter

36 3514 223 3580 conclusum
252 3513 308 3598 sit,
334 3512 534 3597 intellegent.
585 3510 692 3577 Sentit
723 3513 824 3598 igitur
851 3510 981 3576 animus
1011 3530 1049 3573 se
