<?xml version="1.0" encoding="UTF-8"?>
<!DOCTYPE html PUBLIC "-//W3C//DTD XHTML 1.0 Transitional//EN"
    "http://www.w3.org/TR/xhtml1/DTD/xhtml1-transitional.dtd">
<html xmlns="http://www.w3.org/1999/xhtml" xml:lang="en" lang="en">
 <head>
  <title>
</title>
<meta http-equiv="Content-Type" content="text/html;charset=utf-8" />
  <meta name='ocr-system' content='tesseract 3.04.00' />
  <meta name='ocr-capabilities' content='ocr_page ocr_carea ocr_par ocr_line ocrx_word'/>
</head>
<body>
  <div class='ocr_page' id='page_1' title='image "./mtulliiciceroni00mlgoog_0499.png"; bbox 0 0 2346 3876; ppageno 0'>
   <div class='ocr_carea' id='block_1_1' title="bbox 104 136 921 204">
    <p class='ocr_par' dir='ltr' id='par_1_1' title="bbox 104 136 921 204">
     <span class='ocr_line' id='line_1_1' title="bbox 104 136 921 204; baseline 0.011 -21"><span class='ocrx_word' id='word_1_1' title='bbox 104 139 171 204; x_wconf 81' lang='lat'><strong>450</strong></span> <span class='ocrx_word' id='word_1_2' title='bbox 289 137 598 193; x_wconf 83' lang='lat' dir='ltr'>.TUSCULANARUM</span> <span class='ocrx_word' id='word_1_3' title='bbox 615 136 921 194; x_wconf 79' lang='lat' dir='ltr'>DISPUTATIONUM</span> 
     </span>
    </p>
   </div>
   <div class='ocr_carea' id='block_1_2' title="bbox 53 299 1149 3560">
    <p class='ocr_par' dir='ltr' id='par_1_2' title="bbox 53 299 1149 3090">
     <span class='ocr_line' id='line_1_2' title="bbox 105 299 1109 382; baseline 0.003 -18"><span class='ocrx_word' id='word_1_4' title='bbox 105 304 174 365; x_wconf 87' lang='lat' dir='ltr'><strong>tate</strong></span> <span class='ocrx_word' id='word_1_5' title='bbox 197 300 283 364; x_wconf 89' lang='lat' dir='ltr'><strong>vitae</strong></span> <span class='ocrx_word' id='word_1_6' title='bbox 306 299 508 363; x_wconf 89' lang='lat' dir='ltr'><strong>conlocatam</strong></span> <span class='ocrx_word' id='word_1_7' title='bbox 529 301 637 382; x_wconf 89' lang='lat' dir='ltr'><strong>putat,</strong></span> <span class='ocrx_word' id='word_1_8' title='bbox 664 319 869 364; x_wconf 86' lang='lat' dir='ltr'><strong>cumrerum</strong></span> <span class='ocrx_word' id='word_1_9' title='bbox 893 321 1010 365; x_wconf 80' lang='lat' dir='ltr'><strong>causas</strong></span> <span class='ocrx_word' id='word_1_10' title='bbox 1034 302 1109 367; x_wconf 86' lang='lat' dir='ltr'><strong>alias</strong></span> 
     </span>
     <span class='ocr_line' id='line_1_3' title="bbox 105 385 1109 471; baseline 0.003 -20"><span class='ocrx_word' id='word_1_11' title='bbox 105 408 144 452; x_wconf 89' lang='lat' dir='ltr'><strong>ex</strong></span> <span class='ocrx_word' id='word_1_12' title='bbox 172 387 245 451; x_wconf 89' lang='lat' dir='ltr'><strong>aliis</strong></span> <span class='ocrx_word' id='word_1_13' title='bbox 274 391 369 470; x_wconf 90' lang='lat' dir='ltr'><strong>aptas</strong></span> <span class='ocrx_word' id='word_1_14' title='bbox 398 389 430 450; x_wconf 90' lang='lat' dir='ltr'><strong>et</strong></span> <span class='ocrx_word' id='word_1_15' title='bbox 456 386 647 451; x_wconf 72' lang='lat' dir='ltr'><strong>necessitate</strong></span> <span class='ocrx_word' id='word_1_16' title='bbox 672 406 773 449; x_wconf 84' lang='lat' dir='ltr'><strong>nexas</strong></span> <span class='ocrx_word' id='word_1_17' title='bbox 795 385 901 471; x_wconf 81' lang='lat' dir='ltr'><strong>ridet,</strong></span> <span class='ocrx_word' id='word_1_18' title='bbox 927 389 1045 471; x_wconf 84' lang='lat' dir='ltr'><strong>quibus</strong></span> <span class='ocrx_word' id='word_1_19' title='bbox 1072 390 1109 454; x_wconf 87' lang='lat' dir='ltr'><strong>ab</strong></span> 
     </span>
     <span class='ocr_line' id='line_1_4' title="bbox 105 473 1111 557; baseline 0.002 -17"><span class='ocrx_word' id='word_1_20' title='bbox 105 479 235 540; x_wconf 89' lang='lat' dir='ltr'><strong>aeterno</strong></span> <span class='ocrx_word' id='word_1_21' title='bbox 262 478 408 557; x_wconf 87' lang='lat' dir='ltr'><strong>tempore</strong></span> <span class='ocrx_word' id='word_1_22' title='bbox 434 473 608 538; x_wconf 89' lang='lat' dir='ltr'><strong>fluentibus</strong></span> <span class='ocrx_word' id='word_1_23' title='bbox 634 473 669 536; x_wconf 87' lang='lat' dir='ltr'><strong>in</strong></span> <span class='ocrx_word' id='word_1_24' title='bbox 696 475 865 538; x_wconf 87' lang='lat' dir='ltr'><strong>aeternum</strong></span> <span class='ocrx_word' id='word_1_25' title='bbox 891 475 978 540; x_wconf 88' lang='lat' dir='ltr'><strong>ratio</strong></span> <span class='ocrx_word' id='word_1_26' title='bbox 1006 480 1111 543; x_wconf 89' lang='lat' dir='ltr'><strong>tamen</strong></span> 
     </span>
     <span class='ocr_line' id='line_1_5' title="bbox 53 559 1110 648; baseline 0.007 -26"><span class='ocrx_word' id='word_1_27' title='bbox 53 574 84 623; x_wconf 73' lang='lat'><strong>71</strong></span> <span class='ocrx_word' id='word_1_28' title='bbox 105 584 258 646; x_wconf 88' lang='lat' dir='ltr'><strong>mensque</strong></span> <span class='ocrx_word' id='word_1_29' title='bbox 272 561 465 627; x_wconf 87' lang='lat' dir='ltr'><strong>moderatur.</strong></span> <span class='ocrx_word' id='word_1_30' title='bbox 496 559 585 625; x_wconf 92' lang='lat' dir='ltr'><strong>Haec</strong></span> <span class='ocrx_word' id='word_1_31' title='bbox 602 560 658 624; x_wconf 91' lang='lat' dir='ltr'><strong>ille</strong></span> <span class='ocrx_word' id='word_1_32' title='bbox 676 560 807 625; x_wconf 88' lang='lat' dir='ltr'><strong>intuens</strong></span> <span class='ocrx_word' id='word_1_33' title='bbox 821 564 920 645; x_wconf 89' lang='lat' dir='ltr'><strong>atque</strong></span> <span class='ocrx_word' id='word_1_34' title='bbox 936 564 1110 648; x_wconf 82' lang='lat' dir='ltr'><strong>suspiciens</strong></span> 
     </span>
     <span class='ocr_line' id='line_1_6' title="bbox 104 647 1131 737; baseline 0.002 -22"><span class='ocrx_word' id='word_1_35' title='bbox 104 651 156 716; x_wconf 89' lang='lat' dir='ltr'><strong>vel</strong></span> <span class='ocrx_word' id='word_1_36' title='bbox 174 650 284 734; x_wconf 89' lang='lat' dir='ltr'><strong>potius</strong></span> <span class='ocrx_word' id='word_1_37' title='bbox 303 649 407 713; x_wconf 88' lang='lat' dir='ltr'><strong>omnis</strong></span> <span class='ocrx_word' id='word_1_38' title='bbox 429 648 533 732; x_wconf 86' lang='lat' dir='ltr'><strong>partis</strong></span> <span class='ocrx_word' id='word_1_39' title='bbox 552 668 688 733; x_wconf 86' lang='lat' dir='ltr'><strong>orasque</strong></span> <span class='ocrx_word' id='word_1_40' title='bbox 710 647 974 732; x_wconf 87' lang='lat' dir='ltr'><strong>circumspiciens</strong></span> <span class='ocrx_word' id='word_1_41' title='bbox 995 656 1131 737; x_wconf 75' lang='lat' dir='ltr'><strong>quantas</strong></span> 
     </span>
     <span class='ocr_line' id='line_1_7' title="bbox 103 735 1110 818; baseline 0.004 -16"><span class='ocrx_word' id='word_1_42' title='bbox 103 759 214 802; x_wconf 87' lang='lat' dir='ltr'><strong>rursus</strong></span> <span class='ocrx_word' id='word_1_43' title='bbox 238 737 336 801; x_wconf 91' lang='lat' dir='ltr'><strong>animi</strong></span> <span class='ocrx_word' id='word_1_44' title='bbox 358 735 594 818; x_wconf 78' lang='lat' dir='ltr'><strong>tranquillitate</strong></span> <span class='ocrx_word' id='word_1_45' title='bbox 615 735 759 800; x_wconf 90' lang='lat' dir='ltr'><strong>humana</strong></span> <span class='ocrx_word' id='word_1_46' title='bbox 777 739 810 799; x_wconf 87' lang='lat' dir='ltr'><strong>ct</strong></span> <span class='ocrx_word' id='word_1_47' title='bbox 832 737 990 803; x_wconf 88' lang='lat' dir='ltr'><strong>citeriora</strong></span> <span class='ocrx_word' id='word_1_48' title='bbox 1012 740 1110 806; x_wconf 90' lang='lat' dir='ltr'><strong>consi·</strong></span> 
     </span>
     <span class='ocr_line' id='line_1_8' title="bbox 105 822 1111 908; baseline 0.004 -19"><span class='ocrx_word' id='word_1_49' title='bbox 105 825 208 890; x_wconf 75' lang='lat' dir='ltr'><strong>derat!</strong></span> <span class='ocrx_word' id='word_1_50' title='bbox 253 823 339 887; x_wconf 92' lang='lat' dir='ltr'><strong>Hinc</strong></span> <span class='ocrx_word' id='word_1_51' title='bbox 361 823 419 886; x_wconf 88' lang='lat' dir='ltr'><strong>illa</strong></span> <span class='ocrx_word' id='word_1_52' title='bbox 441 823 583 906; x_wconf 81' lang='lat' dir='ltr'><strong>cognitio</strong></span> <span class='ocrx_word' id='word_1_53' title='bbox 606 822 736 888; x_wconf 80' lang='lat' dir='ltr'><strong>virtutis</strong></span> <span class='ocrx_word' id='word_1_54' title='bbox 759 822 884 908; x_wconf 87' lang='lat' dir='ltr'><strong>existit,</strong></span> <span class='ocrx_word' id='word_1_55' title='bbox 909 825 1111 893; x_wconf 87' lang='lat' dir='ltr'><strong>efflorescunt</strong></span> 
     </span>
     <span class='ocr_line' id='line_1_9' title="bbox 105 910 1111 1000; baseline 0.003 -25"><span class='ocrx_word' id='word_1_56' title='bbox 105 932 223 996; x_wconf 84' lang='lat' dir='ltr'><strong>genera</strong></span> <span class='ocrx_word' id='word_1_57' title='bbox 245 915 417 996; x_wconf 87' lang='lat' dir='ltr'><strong>partesque</strong></span> <span class='ocrx_word' id='word_1_58' title='bbox 439 910 609 994; x_wconf 84' lang='lat' dir='ltr'><strong>virtutum,</strong></span> <span class='ocrx_word' id='word_1_59' title='bbox 634 910 809 994; x_wconf 80' lang='lat' dir='ltr'><strong>inuenitur,</strong></span> <span class='ocrx_word' id='word_1_60' title='bbox 835 911 925 996; x_wconf 90' lang='lat' dir='ltr'><strong>quid·</strong></span> <span class='ocrx_word' id='word_1_61' title='bbox 944 914 1003 1000; x_wconf 90' lang='lat' dir='ltr'><strong>sit,</strong></span> <span class='ocrx_word' id='word_1_62' title='bbox 1030 915 1111 998; x_wconf 90' lang='lat' dir='ltr'><strong>quod</strong></span> 
     </span>
     <span class='ocr_line' id='line_1_10' title="bbox 103 997 1109 1083; baseline 0.004 -19"><span class='ocrx_word' id='word_1_63' title='bbox 103 1003 223 1064; x_wconf 89' lang='lat' dir='ltr'><strong>natura</strong></span> <span class='ocrx_word' id='word_1_64' title='bbox 240 1001 365 1083; x_wconf 87' lang='lat' dir='ltr'><strong>spectet</strong></span> <span class='ocrx_word' id='word_1_65' title='bbox 383 1001 561 1062; x_wconf 85' lang='lat' dir='ltr'><strong>extremum</strong></span> <span class='ocrx_word' id='word_1_66' title='bbox 582 997 618 1062; x_wconf 91' lang='lat' dir='ltr'><strong>in</strong></span> <span class='ocrx_word' id='word_1_67' title='bbox 634 997 742 1081; x_wconf 86' lang='lat' dir='ltr'><strong>bonis,</strong></span> <span class='ocrx_word' id='word_1_68' title='bbox 764 998 841 1081; x_wconf 90' lang='lat' dir='ltr'><strong>quid</strong></span> <span class='ocrx_word' id='word_1_69' title='bbox 858 999 896 1064; x_wconf 92' lang='lat' dir='ltr'><strong>in</strong></span> <span class='ocrx_word' id='word_1_70' title='bbox 912 1001 1012 1067; x_wconf 87' lang='lat' dir='ltr'><strong>malis</strong></span> <span class='ocrx_word' id='word_1_71' title='bbox 1030 1003 1109 1067; x_wconf 91' lang='lat' dir='ltr'><strong>ultu-</strong></span> 
     </span>
     <span class='ocr_line' id='line_1_11' title="bbox 105 1084 1139 1169; baseline 0.001 -19"><span class='ocrx_word' id='word_1_72' title='bbox 105 1109 206 1164; x_wconf 91' lang='lat' dir='ltr'><strong>mum,</strong></span> <span class='ocrx_word' id='word_1_73' title='bbox 225 1107 288 1169; x_wconf 92' lang='lat' dir='ltr'><strong>quo</strong></span> <span class='ocrx_word' id='word_1_74' title='bbox 305 1084 473 1150; x_wconf 88' lang='lat' dir='ltr'><strong>referenda</strong></span> <span class='ocrx_word' id='word_1_75' title='bbox 492 1085 558 1149; x_wconf 91' lang='lat' dir='ltr'><strong>sint</strong></span> <span class='ocrx_word' id='word_1_76' title='bbox 576 1085 692 1168; x_wconf 87' lang='lat' dir='ltr'><strong>officia,</strong></span> <span class='ocrx_word' id='word_1_77' title='bbox 712 1106 795 1169; x_wconf 88' lang='lat' dir='ltr'><strong>quae</strong></span> <span class='ocrx_word' id='word_1_78' title='bbox 813 1085 981 1169; x_wconf 83' lang='lat' dir='ltr'><strong>degendae</strong></span> <span class='ocrx_word' id='word_1_79' title='bbox 1000 1090 1139 1155; x_wconf 83' lang='lat' dir='ltr'><strong>aetatisu</strong></span> 
     </span>
     <span class='ocr_line' id='line_1_12' title="bbox 103 1172 1108 1261; baseline 0.006 -24"><span class='ocrx_word' id='word_1_80' title='bbox 103 1174 186 1237; x_wconf 89' lang='lat' dir='ltr'><strong>ratio</strong></span> <span class='ocrx_word' id='word_1_81' title='bbox 215 1172 392 1256; x_wconf 83' lang='lat' dir='ltr'><strong>deligenda.</strong></span> <span class='ocrx_word' id='word_1_82' title='bbox 442 1172 566 1249; x_wconf 83' lang='lat' dir='ltr'><strong>Quibus</strong></span> <span class='ocrx_word' id='word_1_83' title='bbox 597 1176 631 1236; x_wconf 89' lang='lat' dir='ltr'><strong>et</strong></span> <span class='ocrx_word' id='word_1_84' title='bbox 662 1172 782 1236; x_wconf 85' lang='lat' dir='ltr'><strong>talibus</strong></span> <span class='ocrx_word' id='word_1_85' title='bbox 813 1173 912 1239; x_wconf 90' lang='lat' dir='ltr'><strong>rebus</strong></span> <span class='ocrx_word' id='word_1_86' title='bbox 944 1178 1108 1261; x_wconf 87' lang='lat' dir='ltr'><strong>exquisitis</strong></span> 
     </span>
     <span class='ocr_line' id='line_1_13' title="bbox 104 1259 1107 1350; baseline 0.008 -27"><span class='ocrx_word' id='word_1_87' title='bbox 104 1260 166 1324; x_wconf 92' lang='lat' dir='ltr'><strong>hoc</strong></span> <span class='ocrx_word' id='word_1_88' title='bbox 189 1260 241 1324; x_wconf 89' lang='lat' dir='ltr'><strong>vel</strong></span> <span class='ocrx_word' id='word_1_89' title='bbox 263 1259 402 1323; x_wconf 86' lang='lat' dir='ltr'><strong>maxime</strong></span> <span class='ocrx_word' id='word_1_90' title='bbox 425 1259 576 1345; x_wconf 82' lang='lat' dir='ltr'><strong>efficitm,</strong></span> <span class='ocrx_word' id='word_1_91' title='bbox 604 1259 689 1344; x_wconf 90' lang='lat' dir='ltr'><strong>quod</strong></span> <span class='ocrx_word' id='word_1_92' title='bbox 717 1259 780 1325; x_wconf 90' lang='lat' dir='ltr'><strong>hac</strong></span> <span class='ocrx_word' id='word_1_93' title='bbox 801 1260 1025 1345; x_wconf 79' lang='lat' dir='ltr'><strong>disputatione</strong></span> <span class='ocrx_word' id='word_1_94' title='bbox 1047 1267 1107 1350; x_wconf 79' lang='lat' dir='ltr'><strong>agi·</strong></span> 
     </span>
     <span class='ocr_line' id='line_1_14' title="bbox 103 1346 1106 1436; baseline 0.008 -26"><span class='ocrx_word' id='word_1_95' title='bbox 103 1368 189 1430; x_wconf 90' lang='lat' dir='ltr'><strong>mus,</strong></span> <span class='ocrx_word' id='word_1_96' title='bbox 220 1351 257 1411; x_wconf 93' lang='lat' dir='ltr'><strong>ut</strong></span> <span class='ocrx_word' id='word_1_97' title='bbox 286 1347 388 1411; x_wconf 80' lang='lat' dir='ltr'><strong>virtus</strong></span> <span class='ocrx_word' id='word_1_98' title='bbox 416 1347 457 1411; x_wconf 85' lang='lat' dir='ltr'><strong>ad</strong></span> <span class='ocrx_word' id='word_1_99' title='bbox 484 1348 578 1413; x_wconf 87' lang='lat' dir='ltr'><strong>beate</strong></span> <span class='ocrx_word' id='word_1_100' title='bbox 604 1346 777 1413; x_wconf 81' lang='lat' dir='ltr'><strong>vivendum</strong></span> <span class='ocrx_word' id='word_1_101' title='bbox 804 1349 848 1414; x_wconf 90' lang='lat' dir='ltr'><strong>sit</strong></span> <span class='ocrx_word' id='word_1_102' title='bbox 874 1370 911 1414; x_wconf 90' lang='lat' dir='ltr'><strong>se</strong></span> <span class='ocrx_word' id='word_1_103' title='bbox 939 1351 1016 1436; x_wconf 88' lang='lat' dir='ltr'><strong>ipsa</strong></span> <span class='ocrx_word' id='word_1_104' title='bbox 1042 1374 1106 1418; x_wconf 90' lang='lat' dir='ltr'><strong>con·</strong></span> 
     </span>
     <span class='ocr_line' id='line_1_15' title="bbox 70 1433 1105 1524; baseline 0.008 -27"><span class='ocrx_word' id='word_1_105' title='bbox 70 1439 204 1500; x_wconf 77' lang='lat' dir='ltr'><strong>atenta.</strong></span> <span class='ocrx_word' id='word_1_106' title='bbox 240 1433 390 1521; x_wconf 83' lang='lat' dir='ltr'><strong>Sequitur</strong></span> <span class='ocrx_word' id='word_1_107' title='bbox 412 1435 523 1520; x_wconf 89' lang='lat' dir='ltr'><strong>tertia,</strong></span> <span class='ocrx_word' id='word_1_108' title='bbox 544 1457 626 1519; x_wconf 88' lang='lat' dir='ltr'><strong>quae</strong></span> <span class='ocrx_word' id='word_1_109' title='bbox 647 1457 705 1520; x_wconf 92' lang='lat' dir='ltr'><strong>per</strong></span> <span class='ocrx_word' id='word_1_110' title='bbox 728 1436 835 1501; x_wconf 87' lang='lat' dir='ltr'><strong>omnis</strong></span> <span class='ocrx_word' id='word_1_111' title='bbox 856 1439 964 1520; x_wconf 86' lang='lat' dir='ltr'><strong>partis</strong></span> <span class='ocrx_word' id='word_1_112' title='bbox 990 1441 1105 1524; x_wconf 58' lang='lat' dir='ltr'><strong>sapien*</strong></span> 
     </span>
     <span class='ocr_line' id='line_1_16' title="bbox 103 1522 1134 1610; baseline -0.001 -22"><span class='ocrx_word' id='word_1_113' title='bbox 103 1523 169 1588; x_wconf 89' lang='lat' dir='ltr'><strong>tiae</strong></span> <span class='ocrx_word' id='word_1_114' title='bbox 191 1527 304 1588; x_wconf 89' lang='lat' dir='ltr'><strong>manat</strong></span> <span class='ocrx_word' id='word_1_115' title='bbox 326 1525 359 1586; x_wconf 93' lang='lat' dir='ltr'><strong>et</strong></span> <span class='ocrx_word' id='word_1_116' title='bbox 380 1522 539 1606; x_wconf 71' lang='lat' dir='ltr'><strong>itenditur,</strong></span> <span class='ocrx_word' id='word_1_117' title='bbox 561 1544 643 1607; x_wconf 88' lang='lat' dir='ltr'><strong>quae</strong></span> <span class='ocrx_word' id='word_1_118' title='bbox 664 1545 734 1588; x_wconf 89' lang='lat' dir='ltr'><strong>rem</strong></span> <span class='ocrx_word' id='word_1_119' title='bbox 756 1523 881 1609; x_wconf 87' lang='lat' dir='ltr'><strong>definit,</strong></span> <span class='ocrx_word' id='word_1_120' title='bbox 907 1545 1029 1610; x_wconf 82' lang='lat' dir='ltr'><strong>genera</strong></span> <span class='ocrx_word' id='word_1_121' title='bbox 1050 1528 1134 1592; x_wconf 83' lang='lat' dir='ltr'><strong>dis-u</strong></span> 
     </span>
     <span class='ocr_line' id='line_1_17' title="bbox 103 1610 1149 1699; baseline 0.005 -25"><span class='ocrx_word' id='word_1_122' title='bbox 103 1611 215 1695; x_wconf 88' lang='lat' dir='ltr'><strong>pertit,</strong></span> <span class='ocrx_word' id='word_1_123' title='bbox 238 1610 404 1694; x_wconf 86' lang='lat' dir='ltr'><strong>sequentia</strong></span> <span class='ocrx_word' id='word_1_124' title='bbox 426 1610 587 1696; x_wconf 84' lang='lat' dir='ltr'><strong>adiungit,</strong></span> <span class='ocrx_word' id='word_1_125' title='bbox 611 1611 754 1694; x_wconf 82' lang='lat' dir='ltr'><strong>perfecta</strong></span> <span class='ocrx_word' id='word_1_126' title='bbox 777 1612 955 1699; x_wconf 87' lang='lat' dir='ltr'><strong>concludit,</strong></span> <span class='ocrx_word' id='word_1_127' title='bbox 982 1619 1105 1680; x_wconf 83' lang='lat' dir='ltr'><strong>verset</strong></span> <span class='ocrx_word' id='word_1_128' title='bbox 1147 1646 1149 1651; x_wconf 96' lang='lat'>·</span> 
     </span>
     <span class='ocr_line' id='line_1_18' title="bbox 102 1697 1105 1787; baseline 0.004 -26"><span class='ocrx_word' id='word_1_129' title='bbox 102 1698 188 1763; x_wconf 88' lang='lat' dir='ltr'><strong>falsa</strong></span> <span class='ocrx_word' id='word_1_130' title='bbox 214 1697 381 1782; x_wconf 89' lang='lat' dir='ltr'><strong>diiudicat,</strong></span> <span class='ocrx_word' id='word_1_131' title='bbox 408 1698 697 1773; x_wconf 81' lang='lat' dir='ltr'><strong>disserendiratio</strong></span> <span class='ocrx_word' id='word_1_132' title='bbox 726 1701 759 1762; x_wconf 90' lang='lat' dir='ltr'><strong>et</strong></span> <span class='ocrx_word' id='word_1_133' title='bbox 786 1699 930 1766; x_wconf 87' lang='lat' dir='ltr'><strong>scientia</strong></span> <span class='ocrx_word' id='word_1_134' title='bbox 976 1701 1028 1769; x_wconf 72' lang='lat' dir='ltr'><strong>Ex</strong></span> <span class='ocrx_word' id='word_1_135' title='bbox 1049 1723 1105 1787; x_wconf 86' lang='lat' dir='ltr'><strong>qua</strong></span> 
     </span>
     <span class='ocr_line' id='line_1_19' title="bbox 104 1785 1104 1874; baseline 0.005 -24"><span class='ocrx_word' id='word_1_136' title='bbox 104 1807 176 1851; x_wconf 89' lang='lat' dir='ltr'><strong>cum</strong></span> <span class='ocrx_word' id='word_1_137' title='bbox 200 1807 327 1853; x_wconf 89' lang='lat' dir='ltr'><strong>summa</strong></span> <span class='ocrx_word' id='word_1_138' title='bbox 353 1785 478 1851; x_wconf 88' lang='lat' dir='ltr'><strong>utilitas</strong></span> <span class='ocrx_word' id='word_1_139' title='bbox 503 1785 613 1850; x_wconf 88' lang='lat' dir='ltr'><strong>existit</strong></span> <span class='ocrx_word' id='word_1_140' title='bbox 636 1786 749 1851; x_wconf 88' lang='lat' dir='ltr'><strong>adres</strong></span> <span class='ocrx_word' id='word_1_141' title='bbox 774 1786 1015 1874; x_wconf 85' lang='lat' dir='ltr'><strong>ponderandas,</strong></span> <span class='ocrx_word' id='word_1_142' title='bbox 1041 1794 1104 1854; x_wconf 86' lang='lat' dir='ltr'><strong>tum</strong></span> 
     </span>
     <span class='ocr_line' id='line_1_20' title="bbox 104 1872 1149 1958; baseline 0.005 -20"><span class='ocrx_word' id='word_1_143' title='bbox 104 1893 253 1938; x_wconf 85' lang='lat' dir='ltr'><strong>maxume</strong></span> <span class='ocrx_word' id='word_1_144' title='bbox 279 1874 419 1956; x_wconf 82' lang='lat' dir='ltr'><strong>ingenua</strong></span> <span class='ocrx_word' id='word_1_145' title='bbox 446 1872 617 1938; x_wconf 87' lang='lat' dir='ltr'><strong>delectatio</strong></span> <span class='ocrx_word' id='word_1_146' title='bbox 644 1877 678 1939; x_wconf 90' lang='lat' dir='ltr'><strong>et</strong></span> <span class='ocrx_word' id='word_1_147' title='bbox 703 1872 802 1958; x_wconf 85' lang='lat' dir='ltr'><strong>digna</strong></span> <span class='ocrx_word' id='word_1_148' title='bbox 828 1875 1002 1958; x_wconf 83' lang='lat' dir='ltr'><strong>sapientia</strong></span> <span class='ocrx_word' id='word_1_149' title='bbox 1049 1875 1104 1942; x_wconf 78' lang='lat' dir='ltr'><strong>sed</strong></span> <span class='ocrx_word' id='word_1_150' title='bbox 1147 1938 1149 1943; x_wconf 90' lang='lat'><em>.</em></span> 
     </span>
     <span class='ocr_line' id='line_1_21' title="bbox 103 1959 1133 2049; baseline 0 -25"><span class='ocrx_word' id='word_1_151' title='bbox 103 1960 183 2024; x_wconf 91' lang='lat' dir='ltr'><strong>haec</strong></span> <span class='ocrx_word' id='word_1_152' title='bbox 207 1960 275 2024; x_wconf 92' lang='lat' dir='ltr'><strong>otii.</strong></span> <span class='ocrx_word' id='word_1_153' title='bbox 321 1959 479 2025; x_wconf 85' lang='lat' dir='ltr'><strong>Transeat</strong></span> <span class='ocrx_word' id='word_1_154' title='bbox 501 1960 586 2025; x_wconf 92' lang='lat' dir='ltr'><strong>idem</strong></span> <span class='ocrx_word' id='word_1_155' title='bbox 608 1960 672 2026; x_wconf 89' lang='lat' dir='ltr'><strong>iste</strong></span> <span class='ocrx_word' id='word_1_156' title='bbox 694 1960 823 2044; x_wconf 86' lang='lat' dir='ltr'><strong>sapiens</strong></span> <span class='ocrx_word' id='word_1_157' title='bbox 847 1962 888 2026; x_wconf 85' lang='lat' dir='ltr'><strong>ad</strong></span> <span class='ocrx_word' id='word_1_158' title='bbox 910 1984 981 2028; x_wconf 90' lang='lat' dir='ltr'><strong>rem</strong></span> <span class='ocrx_word' id='word_1_159' title='bbox 1005 1963 1133 2049; x_wconf 83' lang='lat' dir='ltr'><strong>publi-a</strong></span> 
     </span>
     <span class='ocr_line' id='line_1_22' title="bbox 104 2046 1103 2135; baseline 0.005 -24"><span class='ocrx_word' id='word_1_160' title='bbox 104 2069 176 2112; x_wconf 88' lang='lat' dir='ltr'><strong>cam</strong></span> <span class='ocrx_word' id='word_1_161' title='bbox 199 2046 360 2112; x_wconf 86' lang='lat' dir='ltr'><strong>tuendam.</strong></span> <span class='ocrx_word' id='word_1_162' title='bbox 396 2047 481 2123; x_wconf 83' lang='lat' dir='ltr'><strong>Quid</strong></span> <span class='ocrx_word' id='word_1_163' title='bbox 503 2068 541 2115; x_wconf 91' lang='lat' dir='ltr'><strong>eo</strong></span> <span class='ocrx_word' id='word_1_164' title='bbox 564 2049 669 2130; x_wconf 90' lang='lat' dir='ltr'><strong>possit</strong></span> <span class='ocrx_word' id='word_1_165' title='bbox 691 2069 761 2112; x_wconf 90' lang='lat' dir='ltr'><strong>esse</strong></span> <span class='ocrx_word' id='word_1_166' title='bbox 783 2050 1017 2135; x_wconf 86' lang='lat' dir='ltr'><strong>praestantius,</strong></span> <span class='ocrx_word' id='word_1_167' title='bbox 1038 2073 1103 2116; x_wconf 88' lang='lat' dir='ltr'><strong>cum</strong></span> 
     </span>
     <span class='ocr_line' id='line_1_23' title="bbox 106 2132 1103 2223; baseline 0.004 -25"><span class='ocrx_word' id='word_1_168' title='bbox 106 2133 291 2214; x_wconf 87' lang='lat' dir='ltr'><strong>[contineri]</strong></span> <span class='ocrx_word' id='word_1_169' title='bbox 316 2132 489 2215; x_wconf 88' lang='lat' dir='ltr'><strong>prudentia</strong></span> <span class='ocrx_word' id='word_1_170' title='bbox 505 2135 682 2200; x_wconf 87' lang='lat' dir='ltr'><strong>utilitatem</strong></span> <span class='ocrx_word' id='word_1_171' title='bbox 700 2135 819 2200; x_wconf 84' lang='lat' dir='ltr'><strong>civium</strong></span> <span class='ocrx_word' id='word_1_172' title='bbox 837 2141 961 2223; x_wconf 88' lang='lat' dir='ltr'><strong>cernat,</strong></span> <span class='ocrx_word' id='word_1_173' title='bbox 986 2137 1103 2205; x_wconf 88' lang='lat' dir='ltr'><strong>iustitia</strong></span> 
     </span>
     <span class='ocr_line' id='line_1_24' title="bbox 102 2219 1103 2308; baseline 0.005 -24"><span class='ocrx_word' id='word_1_174' title='bbox 102 2219 186 2284; x_wconf 90' lang='lat' dir='ltr'><strong>nihil</strong></span> <span class='ocrx_word' id='word_1_175' title='bbox 214 2220 250 2284; x_wconf 91' lang='lat' dir='ltr'><strong>in</strong></span> <span class='ocrx_word' id='word_1_176' title='bbox 276 2241 369 2284; x_wconf 88' lang='lat' dir='ltr'><strong>suam</strong></span> <span class='ocrx_word' id='word_1_177' title='bbox 395 2221 525 2286; x_wconf 91' lang='lat' dir='ltr'><strong>domum</strong></span> <span class='ocrx_word' id='word_1_178' title='bbox 555 2223 629 2292; x_wconf 86' lang='lat' dir='ltr'><strong>inde</strong></span> <span class='ocrx_word' id='word_1_179' title='bbox 665 2222 800 2306; x_wconf 85' lang='lat' dir='ltr'><strong>derivet,</strong></span> <span class='ocrx_word' id='word_1_180' title='bbox 834 2223 969 2308; x_wconf 90' lang='lat' dir='ltr'><strong>reliquis</strong></span> <span class='ocrx_word' id='word_1_181' title='bbox 1000 2229 1103 2291; x_wconf 74' lang='lat' dir='ltr'><strong>utamr</strong></span> 
     </span>
     <span class='ocr_line' id='line_1_25' title="bbox 103 2307 1102 2396; baseline 0.007 -24"><span class='ocrx_word' id='word_1_182' title='bbox 103 2310 154 2373; x_wconf 86' lang='lat' dir='ltr'><strong>tot</strong></span> <span class='ocrx_word' id='word_1_183' title='bbox 176 2311 245 2372; x_wconf 91' lang='lat' dir='ltr'><strong>tam</strong></span> <span class='ocrx_word' id='word_1_184' title='bbox 267 2307 426 2393; x_wconf 84' lang='lat' dir='ltr'><strong>variisque</strong></span> <span class='ocrx_word' id='word_1_185' title='bbox 450 2309 645 2374; x_wconf 81' lang='lat' dir='ltr'><strong>virtutibus?</strong></span> <span class='ocrx_word' id='word_1_186' title='bbox 694 2308 844 2396; x_wconf 84' lang='lat' dir='ltr'><strong>Adiunge</strong></span> <span class='ocrx_word' id='word_1_187' title='bbox 866 2310 1011 2378; x_wconf 85' lang='lat' dir='ltr'><strong>fructum</strong></span> <span class='ocrx_word' id='word_1_188' title='bbox 1033 2312 1102 2378; x_wconf 85' lang='lat' dir='ltr'><strong>ami·</strong></span> 
     </span>
     <span class='ocr_line' id='line_1_26' title="bbox 104 2395 1133 2482; baseline 0 -22"><span class='ocrx_word' id='word_1_189' title='bbox 104 2396 267 2480; x_wconf 87' lang='lat' dir='ltr'><strong>citiarum,</strong></span> <span class='ocrx_word' id='word_1_190' title='bbox 298 2395 332 2461; x_wconf 88' lang='lat' dir='ltr'><strong>in</strong></span> <span class='ocrx_word' id='word_1_191' title='bbox 363 2417 426 2480; x_wconf 89' lang='lat' dir='ltr'><strong>quo</strong></span> <span class='ocrx_word' id='word_1_192' title='bbox 459 2397 560 2462; x_wconf 88' lang='lat' dir='ltr'><strong>doctis</strong></span> <span class='ocrx_word' id='word_1_193' title='bbox 588 2397 729 2482; x_wconf 90' lang='lat' dir='ltr'><strong>positum</strong></span> <span class='ocrx_word' id='word_1_194' title='bbox 756 2401 806 2463; x_wconf 86' lang='lat' dir='ltr'><strong>est</strong></span> <span class='ocrx_word' id='word_1_195' title='bbox 835 2420 909 2464; x_wconf 87' lang='lat' dir='ltr'><strong>cum</strong></span> <span class='ocrx_word' id='word_1_196' title='bbox 940 2401 1133 2466; x_wconf 79' lang='lat' dir='ltr'><strong>consiliumu</strong></span> 
     </span>
     <span class='ocr_line' id='line_1_27' title="bbox 104 2478 1104 2573; baseline 0.003 -24"><span class='ocrx_word' id='word_1_197' title='bbox 104 2484 209 2549; x_wconf 90' lang='lat' dir='ltr'><strong>omnis</strong></span> <span class='ocrx_word' id='word_1_198' title='bbox 240 2483 326 2548; x_wconf 88' lang='lat' dir='ltr'><strong>vitae</strong></span> <span class='ocrx_word' id='word_1_199' title='bbox 359 2485 562 2549; x_wconf 88' lang='lat' dir='ltr'><strong>consentiens</strong></span> <span class='ocrx_word' id='word_1_200' title='bbox 599 2488 632 2549; x_wconf 89' lang='lat' dir='ltr'><strong>ct</strong></span> <span class='ocrx_word' id='word_1_201' title='bbox 662 2505 764 2568; x_wconf 88' lang='lat' dir='ltr'><strong>paene</strong></span> <span class='ocrx_word' id='word_1_202' title='bbox 800 2478 1008 2573; x_wconf 72' lang='lat' dir='ltr'><strong>conspicaris,</strong></span> <span class='ocrx_word' id='word_1_203' title='bbox 1041 2491 1104 2552; x_wconf 87' lang='lat' dir='ltr'><strong>tum</strong></span> 
     </span>
     <span class='ocr_line' id='line_1_28' title="bbox 104 2570 1116 2659; baseline 0.002 -24"><span class='ocrx_word' id='word_1_204' title='bbox 104 2594 229 2637; x_wconf 88' lang='lat' dir='ltr'><strong>summa</strong></span> <span class='ocrx_word' id='word_1_205' title='bbox 246 2570 431 2640; x_wconf 85' lang='lat' dir='ltr'><strong>iucunditas</strong></span> <span class='ocrx_word' id='word_1_206' title='bbox 449 2592 467 2636; x_wconf 84' lang='lat' dir='ltr'><strong>a</strong></span> <span class='ocrx_word' id='word_1_207' title='bbox 485 2571 649 2637; x_wconf 87' lang='lat' dir='ltr'><strong>cotidiano</strong></span> <span class='ocrx_word' id='word_1_208' title='bbox 668 2572 757 2638; x_wconf 90' lang='lat' dir='ltr'><strong>cultu</strong></span> <span class='ocrx_word' id='word_1_209' title='bbox 776 2574 872 2656; x_wconf 77' lang='lat' dir='ltr'><strong>atque</strong></span> <span class='ocrx_word' id='word_1_210' title='bbox 890 2573 989 2640; x_wconf 83' lang='lat' dir='ltr'><strong>victu.</strong></span> <span class='ocrx_word' id='word_1_211' title='bbox 1028 2573 1116 2659; x_wconf 33' lang='lat' dir='ltr'><strong>Quid,</strong></span> 
     </span>
     <span class='ocr_line' id='line_1_29' title="bbox 102 2659 1106 2742; baseline 0.003 -20"><span class='ocrx_word' id='word_1_212' title='bbox 102 2659 183 2724; x_wconf 90' lang='lat' dir='ltr'><strong>haec</strong></span> <span class='ocrx_word' id='word_1_213' title='bbox 209 2659 341 2724; x_wconf 83' lang='lat' dir='ltr'><strong>tandem</strong></span> <span class='ocrx_word' id='word_1_214' title='bbox 368 2661 436 2725; x_wconf 85' lang='lat' dir='ltr'><strong>vita</strong></span> <span class='ocrx_word' id='word_1_215' title='bbox 462 2659 637 2742; x_wconf 87' lang='lat' dir='ltr'><strong>desiderat,</strong></span> <span class='ocrx_word' id='word_1_216' title='bbox 663 2680 726 2742; x_wconf 93' lang='lat' dir='ltr'><strong>quo</strong></span> <span class='ocrx_word' id='word_1_217' title='bbox 749 2659 793 2724; x_wconf 91' lang='lat' dir='ltr'><strong>sit</strong></span> <span class='ocrx_word' id='word_1_218' title='bbox 815 2660 964 2725; x_wconf 75' lang='lat' dir='ltr'><strong>beatior?</strong></span> <span class='ocrx_word' id='word_1_219' title='bbox 993 2663 1044 2728; x_wconf 90' lang='lat' dir='ltr'><strong>cui</strong></span> <span class='ocrx_word' id='word_1_220' title='bbox 1063 2681 1106 2725; x_wconf 91' lang='lat' dir='ltr'><strong>re·</strong></span> 
     </span>
     <span class='ocr_line' id='line_1_30' title="bbox 102 2745 1103 2831; baseline 0.004 -23"><span class='ocrx_word' id='word_1_221' title='bbox 102 2745 203 2811; x_wconf 83' lang='lat' dir='ltr'><strong>sertae</strong></span> <span class='ocrx_word' id='word_1_222' title='bbox 220 2749 272 2811; x_wconf 86' lang='lat' dir='ltr'><strong>tot</strong></span> <span class='ocrx_word' id='word_1_223' title='bbox 289 2746 451 2831; x_wconf 90' lang='lat' dir='ltr'><strong>tantisque</strong></span> <span class='ocrx_word' id='word_1_224' title='bbox 470 2747 595 2830; x_wconf 85' lang='lat' dir='ltr'><strong>gaudiis</strong></span> <span class='ocrx_word' id='word_1_225' title='bbox 613 2745 758 2812; x_wconf 86' lang='lat' dir='ltr'><strong>Fortuna</strong></span> <span class='ocrx_word' id='word_1_226' title='bbox 775 2746 849 2830; x_wconf 84' lang='lat' dir='ltr'><strong>ipsa</strong></span> <span class='ocrx_word' id='word_1_227' title='bbox 867 2748 961 2813; x_wconf 83' lang='lat' dir='ltr'><strong>cedat</strong></span> <span class='ocrx_word' id='word_1_228' title='bbox 979 2769 1103 2814; x_wconf 88' lang='lat' dir='ltr'><strong>necesse</strong></span> 
     </span>
     <span class='ocr_line' id='line_1_31' title="bbox 104 2833 1135 2917; baseline 0.004 -22"><span class='ocrx_word' id='word_1_229' title='bbox 104 2836 162 2896; x_wconf 89' lang='lat' dir='ltr'><strong>est.</strong></span> <span class='ocrx_word' id='word_1_230' title='bbox 207 2833 329 2909; x_wconf 80' lang='lat' dir='ltr'><strong>Quodsi</strong></span> <span class='ocrx_word' id='word_1_231' title='bbox 351 2835 491 2917; x_wconf 85' lang='lat' dir='ltr'><strong>gaudere</strong></span> <span class='ocrx_word' id='word_1_232' title='bbox 513 2835 634 2898; x_wconf 90' lang='lat' dir='ltr'><strong>talibus</strong></span> <span class='ocrx_word' id='word_1_233' title='bbox 656 2833 752 2900; x_wconf 89' lang='lat' dir='ltr'><strong>bonis</strong></span> <span class='ocrx_word' id='word_1_234' title='bbox 775 2834 888 2917; x_wconf 91' lang='lat' dir='ltr'><strong>animi,</strong></span> <span class='ocrx_word' id='word_1_235' title='bbox 916 2835 950 2899; x_wconf 94' lang='lat' dir='ltr'><strong>id</strong></span> <span class='ocrx_word' id='word_1_236' title='bbox 977 2840 1028 2902; x_wconf 91' lang='lat' dir='ltr'><strong>est</strong></span> <span class='ocrx_word' id='word_1_237' title='bbox 1047 2835 1135 2901; x_wconf 80' lang='lat' dir='ltr'><strong>vir-e</strong></span> 
     </span>
     <span class='ocr_line' id='line_1_32' title="bbox 102 2918 1104 3008; baseline 0.002 -25"><span class='ocrx_word' id='word_1_238' title='bbox 102 2918 241 3001; x_wconf 90' lang='lat' dir='ltr'><strong>tutibus,</strong></span> <span class='ocrx_word' id='word_1_239' title='bbox 268 2920 400 2984; x_wconf 88' lang='lat' dir='ltr'><strong>beatum</strong></span> <span class='ocrx_word' id='word_1_240' title='bbox 429 2924 478 2985; x_wconf 91' lang='lat' dir='ltr'><strong>est</strong></span> <span class='ocrx_word' id='word_1_241' title='bbox 504 2942 677 3006; x_wconf 90' lang='lat' dir='ltr'><strong>omnesque</strong></span> <span class='ocrx_word' id='word_1_242' title='bbox 708 2921 869 3005; x_wconf 90' lang='lat' dir='ltr'><strong>sapientes</strong></span> <span class='ocrx_word' id='word_1_243' title='bbox 895 2920 953 2991; x_wconf 78' lang='lat' dir='ltr'><strong>‚his</strong></span> <span class='ocrx_word' id='word_1_244' title='bbox 983 2922 1104 3008; x_wconf 85' lang='lat' dir='ltr'><strong>gaudiis</strong></span> 
     </span>
     <span class='ocr_line' id='line_1_33' title="bbox 102 3005 1106 3090; baseline 0.002 -21"><span class='ocrx_word' id='word_1_245' title='bbox 102 3005 319 3090; x_wconf 87' lang='lat' dir='ltr'><strong>perfruuntur,</strong></span> <span class='ocrx_word' id='word_1_246' title='bbox 338 3008 442 3072; x_wconf 90' lang='lat' dir='ltr'><strong>omnis</strong></span> <span class='ocrx_word' id='word_1_247' title='bbox 456 3029 512 3074; x_wconf 89' lang='lat' dir='ltr'><strong>eos</strong></span> <span class='ocrx_word' id='word_1_248' title='bbox 530 3010 643 3074; x_wconf 88' lang='lat' dir='ltr'><strong>beatos</strong></span> <span class='ocrx_word' id='word_1_249' title='bbox 658 3030 726 3075; x_wconf 92' lang='lat' dir='ltr'><strong>esse</strong></span> <span class='ocrx_word' id='word_1_250' title='bbox 741 3007 887 3074; x_wconf 86' lang='lat' dir='ltr'><strong>confiteri</strong></span> <span class='ocrx_word' id='word_1_251' title='bbox 901 3030 1034 3076; x_wconf 87' lang='lat' dir='ltr'><strong>necesse</strong></span> <span class='ocrx_word' id='word_1_252' title='bbox 1053 3012 1106 3075; x_wconf 90' lang='lat' dir='ltr'><strong>est.</strong></span> 
     </span>
    </p>

    <p class='ocr_par' dir='ltr' id='par_1_3' title="bbox 169 3092 945 3180">
     <span class='ocr_line' id='line_1_34' title="bbox 169 3092 945 3180; baseline 0.003 -22"><span class='ocrx_word' id='word_1_253' title='bbox 169 3093 209 3158; x_wconf 82' lang='lat' dir='ltr'><strong>A.</strong></span> <span class='ocrx_word' id='word_1_254' title='bbox 235 3092 386 3158; x_wconf 83' lang='lat' dir='ltr'><strong>Etiamne</strong></span> <span class='ocrx_word' id='word_1_255' title='bbox 409 3095 444 3160; x_wconf 92' lang='lat' dir='ltr'><strong>in</strong></span> <span class='ocrx_word' id='word_1_256' title='bbox 467 3097 617 3161; x_wconf 87' lang='lat' dir='ltr'><strong>cruciatu.</strong></span> <span class='ocrx_word' id='word_1_257' title='bbox 633 3099 729 3180; x_wconf 90' lang='lat' dir='ltr'><strong>atque</strong></span> <span class='ocrx_word' id='word_1_258' title='bbox 752 3095 945 3161; x_wconf 81' lang='lat' dir='ltr'><strong>tormentis?</strong></span> 
     </span>
    </p>

    <p class='ocr_par' dir='ltr' id='par_1_4' title="bbox 101 3179 1138 3560">
     <span class='ocr_line' id='line_1_35' title="bbox 168 3179 1106 3267; baseline 0.004 -24"><span class='ocrx_word' id='word_1_259' title='bbox 168 3187 213 3244; x_wconf 85' lang='lat' dir='ltr'><strong>M.</strong></span> <span class='ocrx_word' id='word_1_260' title='bbox 236 3179 290 3244; x_wconf 84' lang='lat' dir='ltr'><strong>An</strong></span> <span class='ocrx_word' id='word_1_261' title='bbox 311 3183 348 3245; x_wconf 91' lang='lat' dir='ltr'><strong>tu</strong></span> <span class='ocrx_word' id='word_1_262' title='bbox 365 3202 418 3245; x_wconf 91' lang='lat' dir='ltr'><strong>me</strong></span> <span class='ocrx_word' id='word_1_263' title='bbox 439 3181 475 3247; x_wconf 92' lang='lat' dir='ltr'><strong>in</strong></span> <span class='ocrx_word' id='word_1_264' title='bbox 493 3183 581 3249; x_wconf 87' lang='lat' dir='ltr'><strong>viola</strong></span> <span class='ocrx_word' id='word_1_265' title='bbox 601 3184 740 3267; x_wconf 87' lang='lat' dir='ltr'><strong>putabas</strong></span> <span class='ocrx_word' id='word_1_266' title='bbox 758 3184 866 3249; x_wconf 90' lang='lat' dir='ltr'><strong>autin</strong></span> <span class='ocrx_word' id='word_1_267' title='bbox 883 3205 960 3249; x_wconf 91' lang='lat' dir='ltr'><strong>rosa</strong></span> <span class='ocrx_word' id='word_1_268' title='bbox 983 3182 1106 3251; x_wconf 79' lang='lat' dir='ltr'><strong>dicere?</strong></span> 
     </span>
     <span class='ocr_line' id='line_1_36' title="bbox 103 3266 1138 3356; baseline 0.004 -25"><span class='ocrx_word' id='word_1_269' title='bbox 103 3267 156 3333; x_wconf 82' lang='lat' dir='ltr'><strong>An</strong></span> <span class='ocrx_word' id='word_1_270' title='bbox 178 3266 344 3353; x_wconf 80' lang='lat' dir='ltr'><strong>Epicuro,</strong></span> <span class='ocrx_word' id='word_1_271' title='bbox 360 3268 415 3353; x_wconf 91' lang='lat' dir='ltr'><strong>qui</strong></span> <span class='ocrx_word' id='word_1_272' title='bbox 441 3271 569 3335; x_wconf 85' lang='lat' dir='ltr'><strong>tantum</strong></span> <span class='ocrx_word' id='word_1_273' title='bbox 592 3271 688 3337; x_wconf 90' lang='lat' dir='ltr'><strong>modo</strong></span> <span class='ocrx_word' id='word_1_274' title='bbox 712 3272 818 3336; x_wconf 90' lang='lat' dir='ltr'><strong>induit</strong></span> <span class='ocrx_word' id='word_1_275' title='bbox 843 3291 1020 3354; x_wconf 89' lang='lat' dir='ltr'><strong>personam</strong></span> <span class='ocrx_word' id='word_1_276' title='bbox 1041 3271 1138 3356; x_wconf 80' lang='lat' dir='ltr'><strong>phi-u</strong></span> 
     </span>
     <span class='ocr_line' id='line_1_37' title="bbox 101 3355 1106 3443; baseline 0.005 -25"><span class='ocrx_word' id='word_1_277' title='bbox 101 3355 230 3440; x_wconf 90' lang='lat' dir='ltr'><strong>losephi</strong></span> <span class='ocrx_word' id='word_1_278' title='bbox 253 3358 286 3419; x_wconf 91' lang='lat' dir='ltr'><strong>et</strong></span> <span class='ocrx_word' id='word_1_279' title='bbox 308 3356 372 3421; x_wconf 91' lang='lat' dir='ltr'><strong>sibi</strong></span> <span class='ocrx_word' id='word_1_280' title='bbox 394 3356 463 3440; x_wconf 88' lang='lat' dir='ltr'><strong>ipse</strong></span> <span class='ocrx_word' id='word_1_281' title='bbox 485 3356 548 3421; x_wconf 92' lang='lat' dir='ltr'><strong>hoc</strong></span> <span class='ocrx_word' id='word_1_282' title='bbox 567 3379 685 3423; x_wconf 87' lang='lat' dir='ltr'><strong>nomen</strong></span> <span class='ocrx_word' id='word_1_283' title='bbox 706 3359 884 3443; x_wconf 89' lang='lat' dir='ltr'><strong>inscripsit,</strong></span> <span class='ocrx_word' id='word_1_284' title='bbox 907 3359 1014 3425; x_wconf 89' lang='lat' dir='ltr'><strong>dicere</strong></span> <span class='ocrx_word' id='word_1_285' title='bbox 1032 3361 1106 3424; x_wconf 87' lang='lat' dir='ltr'><strong>lice·</strong></span> 
     </span>
     <span class='ocr_line' id='line_1_38' title="bbox 102 3441 1107 3560; baseline 0.005 -53"><span class='ocrx_word' id='word_1_286' title='bbox 102 3443 165 3529; x_wconf 89' lang='lat' dir='ltr'><strong>bit,</strong></span> <span class='ocrx_word' id='word_1_287' title='bbox 193 3441 443 3530; x_wconf 83' lang='lat' dir='ltr'><strong>quodquidam,</strong></span> <span class='ocrx_word' id='word_1_288' title='bbox 471 3447 507 3508; x_wconf 88' lang='lat' dir='ltr'><strong>ut</strong></span> <span class='ocrx_word' id='word_1_289' title='bbox 533 3444 633 3510; x_wconf 89' lang='lat' dir='ltr'><strong>habet</strong></span> <span class='ocrx_word' id='word_1_290' title='bbox 656 3466 689 3511; x_wconf 91' lang='lat' dir='ltr'><strong>se</strong></span> <span class='ocrx_word' id='word_1_291' title='bbox 715 3467 782 3526; x_wconf 88' lang='lat' dir='ltr'><strong>res,</strong></span> <span class='ocrx_word' id='word_1_292' title='bbox 807 3467 858 3513; x_wconf 89' lang='lat' dir='ltr'><strong>me</strong></span> <span class='ocrx_word' id='word_1_293' title='bbox 885 3448 999 3560; x_wconf 69' lang='lat' dir='ltr'><strong>tamen</strong></span> <span class='ocrx_word' id='word_1_294' title='bbox 1019 3448 1107 3532; x_wconf 87' lang='lat' dir='ltr'><strong>plau-</strong></span> 
     </span>
    </p>
   </div>
   <div class='ocr_carea' id='block_1_3' title="bbox 55 3148 87 3198">
    <p class='ocr_par' dir='ltr' id='par_1_5' title="bbox 55 3148 87 3198">
     <span class='ocr_line' id='line_1_39' title="bbox 55 3148 87 3198; baseline 0.063 -2"><span class='ocrx_word' id='word_1_295' title='bbox 55 3148 87 3198; x_wconf 80' lang='lat'><strong>73</strong></span> 
     </span>
    </p>
   </div>
   <div class='ocr_carea' id='block_1_4' title="bbox 0 0 1178 3876">
    <p class='ocr_par' dir='ltr' id='par_1_6' title="bbox 0 0 1178 3876">
     <span class='ocr_line' id='line_1_40' title="bbox 0 0 1178 3876; baseline 0 0"><span class='ocrx_word' id='word_1_296' title='bbox 0 0 1178 3876; x_wconf 95' lang='lat' dir='ltr'><strong> </strong></span> 
     </span>
    </p>
   </div>
  </div>
 </body>
</html>
