2346 3876
131 157 174 221 84
385 155 678 211 AOADEMICORUM
695 156 862 213 PRIORUM

131 339 194 404 quc
218 317 313 384 modo
336 319 477 383 iudicare
501 341 581 403 opor
582 322 664 402 t,eat
693 327 805 382 rerum
837 317 999 384 falsumne
1023 320 1080 404 sit,
1111 321 1136 386 si

131 407 208 491 quid
237 408 285 472 ita
308 428 464 473 conexum
487 411 551 490 est,
582 410 620 471 nt
640 369 716 473 lios:
762 405 813 471 Si
841 406 985 472 diest
933 411 998 491 est,
1024 370 1137 493 ludet',

131 499 253 578 quanta
276 497 438 561 contentio
463 497 524 560 est!
570 495 676 559 Aliter
699 481 856 577 Diodoio,
881 495 977 560 aliter
1001 494 1136 579 Philoni,

131 583 315 669 Chrysippo
339 585 434 649 aliter
456 585 570 667 placet
604 581 710 659 Quid?
734 603 806 647 oum
821 544 920 647 Clean
920 583 987 667 t,he
1010 585 1136 650 doctore

131 694 204 757 suo,
237 694 331 757 quam
360 672 453 737 mult
428 676 471 737 ιιι
498 672 593 737 rebus
618 669 820 754 Chrysippus
849 634 1009 737 dissidet?
1042 671 1153 757 quidls

131 761 193 825 duo
216 762 269 825 vel
296 760 456 844 principes
487 760 743 843 dialecticorum,
774 757 950 842 Antipater
972 763 1008 825 et
1030 761 1136 827 Archi·

131 849 252 933 demus,
275 848 523 932 topinosissimi
545 848 703 931 homines,
725 867 832 911 nonne
854 848 969 914 multis
993 849 1028 913 in
1046 850 1134 914 rebus

80 955 131 1005 144
153 937 370 1002 dissentiunt?
407 935 492 1013 Quid
509 958 561 1001 me
579 937 694 1020 igitur,
714 934 855 1017 Luculle,
877 935 913 1000 in
933 937 1135 1005 invidiamet

131 1029 298 1110 tamquam
320 1025 553 1090 incentionem
574 1022 693 1089 vocas?
716 1026 750 1087 et
772 1023 911 1107 quidem,
933 1028 972 1089 ut
995 1024 1135 1090 seditiosi

131 1114 254 1178 tribuni
270 1113 384 1195 solent,
399 1113 523 1178 occludi
536 1113 689 1178 tabernas
703 1110 820 1176 iubes?
834 1133 898 1196 quo
913 1113 1001 1177 enim
1015 1115 1163 1197 spectata

132 1202 222 1284 illud,
245 1222 317 1265 eum
340 1202 478 1265 artificia
499 1201 574 1265 tolli
596 1201 739 1286 quereris
763 1222 783 1264 a
804 1200 909 1284 nobis,
931 1200 998 1265 nisi
1020 1205 1059 1266 ut
1075 1201 1136 1285 opi·

130 1289 207 1353 fices
231 1289 456 1354 concitentur?
489 1290 545 1373 qui
572 1291 600 1353 si
626 1289 766 1372 undiquc
789 1308 900 1352 omnes
924 1290 1136 1373 convenerint,

133 1377 228 1442 facile
260 1380 373 1443 contra
400 1398 458 1443 vos
490 1377 720 1442 inoitabuntnr.
769 1375 970 1460 Expromam
1002 1379 1136 1462 primun

132 1464 190 1530 illa
211 1465 382 1544 invidiosa,
404 1465 490 1550 qnod
504 1487 557 1531 eos
572 1486 694 1549 omnes,
717 1465 820 1548 quiin
834 1465 985 1530 contione
1000 1467 1136 1546 stabunt,

133 1555 272 1637 exsules,
303 1575 427 1638 servos,
458 1554 592 1619 insanos
616 1574 686 1617 esse
713 1552 841 1637 dicatis3
873 1553 988 1618 deinde
1017 1555 1058 1620 ad
1085 1555 1169 1619 illac

133 1643 276 1721 veniam,
304 1664 386 1727 quae
409 1643 476 1707 iam
498 1664 570 1708 non
588 1642 628 1707 ad
650 1640 904 1725 multitudinem,
928 1641 985 1707 sed
1009 1642 1050 1708 ad
1072 1664 1136 1709 vos·

133 1734 201 1794 met
230 1731 334 1816 ipsos,
366 1731 421 1815 qui
451 1731 583 1814 adestis,
614 1729 788 1813 pertinent.
832 1728 943 1813 Negat
971 1732 1058 1796 enim
1085 1752 1137 1796 vos

134 1817 230 1902 Zeno,
252 1824 352 1948 nepat
373 1818 555 1885 Antiochus
579 1818 660 1882 scire
683 1817 864 1902 quiequam.
906 1817 990 1894 ‘Quo
1012 1817 1136 1885 modcl’

133 1906 272 1991 inquies,
307 1928 367 1972 nos
380 1907 467 1971 ἰιιιιιι
480 1906 680 1970 defendimus
695 1905 795 1970 etiarn
817 1905 1028 1991 insipientem
1041 1908 1138 1973 multa

83 2022 133 2074 145
156 1993 406 2096 comprendere'
432 1995 478 2059 At
463 1994 576 2059 tseire
593 1998 694 2078 negat
694 1994 723 2058 is
742 2015 935 2079 quemquam
953 2016 1023 2061 rem
1042 1997 1169 2061 ullam»

133 2084 198 2163 nisr
190 2082 482 2166 'sapientemt
437 2082 482 2147 Et
504 2083 566 2148 hoe
580 2082 709 2167 quidem
723 2081 810 2147 Zeno
833 2087 906 2168 gest
906 2106 927 2147 u
891 2084 1138 2150 tconficicbat

134 2169 220 2236 Nam
256 2192 328 2234 cum
357 2172 497 2236 extensis
531 2172 625 2256 digit
615 2194 644 2236 1s
677 2170 844 2236 adversam
872 2193 1006 2237 manum
1038 2176 1139 2238 osten·

131 2257 269 2343 derat,
275 2258 416 2322 visum'
416 2260 625 2344 ,inquiebat
601 2259 753 2324 thuius
773 2259 860 2324 modi
878 2259 953 2346 est’,
977 2260 1053 2326 dein
1072 2283 1140 2326 cum

135 2309 267 2430 paulrim
290 2347 373 2430 digit
374 2369 410 2412 os
433 2351 651 2431 contraxerat,
683 2347 885 2412 adsensus
908 2312 1007 2414 lidius
1030 2346 1139 2416 modi?

135 2435 217 2500 Tum
231 2457 303 2499 cum
316 2436 412 2519 plane
426 2439 661 2520 compresserat
673 2457 881 2521 pugnumque
894 2437 1026 2521 fecerat,
1045 2459 1139 2505 com·
1148 2458 1169 2504 a

134 2525 379 2607 prensionem
403 2524 495 2589 illam
518 2545 588 2589 esse
611 2524 752 2607 d1eeba,
785 2547 849 2608 qua
872 2546 911 2589 ex
933 2526 1141 2592 similitudine

138 2613 236 2677 etiam
259 2633 377 2677 nomen
400 2613 429 2675 ei
450 2613 507 2696 rei,
529 2613 614 2696 quod
638 2616 713 2676 ante
731 2633 798 2678 non
819 2613 934 2696 fuerat,
912 2611 1062 2680 ικατιιλ
1064 2625 1141 2699 abac

136 2701 301 2784 imposuit
278 2698 426 2765 tOum
455 2704 562 2764 autem
589 2701 715 2765 laevam
742 2722 874 2765 manum
901 2638 1092 2769 admoverat
1113 2705 1142 2768 ιι

120 2825 122 2828 ·
135 2789 228 2852 1llum
241 2807 387 2872 pugnum
401 2790 469 2852 arta
479 2787 748 2873 vehementerque
763 2794 1007 2893 compresserat,
1022 2793 1142 2857 seien-

135 2876 232 2939 tiam
253 2877 353 2940 talem
368 2896 437 2939 esse
460 2875 599 2961 dicebat3
623 2877 713 2942 cuius
728 2880 911 2978 compotem
933 2877 999 2942 nisi
1018 2880 1141 2964 sapien·
1152 2900 1169 2943 ιι

135 2966 203 3026 tem
226 2984 296 3028 esse
318 2963 488 3030 neminem
525 2963 589 3031 Sed
612 2965 666 3050 qui
690 2965 818 3050 sapiens
833 2965 877 3031 sit
895 2969 952 3031 ιιιι
972 2965 1083 3052 fuerit,
1105 2987 1142 3032 ne

135 3051 199 3134 ipsi
221 3050 351 3135 quidem
365 3050 471 3118 solent
493 3052 607 3119 dicere
641 3053 694 3119 Ita
658 3058 752 3119 ttu
774 3075 867 3138 nunc,
891 3052 1015 3139 Catule,
1038 3056 1142 3121 lucere

84 3161 135 3212 ιιι
157 3140 272 3222 nescis,
294 3159 353 3204 nec
371 3143 417 3226 tu,
438 3140 634 3226 Hortensi,
624 3164 659 3206 ιιι
676 3146 734 3206 tua
751 3142 831 3206 villa
852 3163 912 3208 nos
937 3164 1016 3207 esse.
1058 3143 1143 3216 Num

135 3227 241 3292 minus
263 3191 344 3293 haec
367 3192 525 3296 inlidiose
548 3193 722 3296 diduntur?
743 3248 804 3295 nec
825 3234 938 3296 tamen
958 3231 1059 3300 nimis
1082 3232 1142 3296 ela

136 3318 262 3403 genter,
280 3317 340 3381 illa
354 3318 513 3383 subtilius.
545 3317 607 3384 Sed
621 3341 683 3403 quo
697 3318 793 3384 modo
808 3321 853 3403 tu,
871 3319 900 3383 si
914 3318 1169 3403 comprehendis

135 3405 217 3470 nihil
239 3410 360 3492 posset,
383 3407 522 3472 artificia
535 3408 700 3472 concidere
723 3407 852 3472 dicebas
865 3429 925 3473 nec
942 3408 1024 3473 mihi
1043 3408 1143 3474 dabas

125 3492 175 3577 id,
209 3496 298 3579 quod
318 3495 494 3582 probabile
517 3500 618 3583 esset,
650 3496 729 3562 satis
752 3517 906 3581 magnam
928 3497 995 3561 vim
1023 3496 1143 3563 habere
