2356 3870
171 146 240 203 nm.
258 145 293 202 11.
322 147 399 202 car.
418 128 465 216 ai,
485 153 528 204 aa.
560 153 716 213 see-cs.
894 149 957 213 157

40 331 74 375 er
98 310 255 395 loquare?
308 309 348 375 In
379 312 546 394 voluptate
578 313 720 396 corporis
753 311 896 398 (addam,
929 313 958 377 si

40 397 174 482 ‘animi',
202 399 278 464 dum
306 420 344 464 ea
366 400 451 483 ipsa,
478 404 515 464 ut
538 400 651 484 rultiS,
681 401 725 464 sit
747 421 785 464 ex
808 399 957 486 corpore)

40 491 120 552 rest
142 487 251 552 vivere
274 489 377 553 beate.
415 486 521 564 Quid?
543 488 640 553 iatam
663 489 863 572 voluptatem
886 511 957 572 per·

40 597 79 640 rm
102 577 175 660 quis
198 579 309 659 potest
330 580 495 660 praestare
518 575 679 660 sapienti?
727 575 813 641 Nam
839 577 956 660 quibus

40 663 247 729 seffieiuntur
265 666 463 747 voluptateS,
486 685 541 730 eae
560 686 627 730 non
646 665 774 730 suntin
793 670 957 748 potestate

40 753 115 816 ntis.
164 751 240 818 Non
268 754 354 817 enim
381 753 414 818 in
442 754 513 836 ipsa
541 754 701 836 sapientia
732 754 876 836 positum
908 758 958 820 est

40 862 79 905 un
107 862 190 924 esse,
218 841 274 905 sed
300 841 334 906 in
361 841 401 906 iis
429 841 540 925 rebus,
573 864 652 926 quas
680 842 841 925 sapientia
872 864 957 908 com·
1018 848 1024 854 ’

40 929 106 994 rad
129 929 338 1012 voluptatem.
381 929 499 994 Totum
523 929 687 995 autemid
711 933 875 995 externum
901 935 958 1014 est,

40 1017 84 1082 od
101 1020 284 1095 externum,
307 1017 340 1082 id
359 1017 394 1081 in
412 1040 489 1082 casu
509 1021 564 1082 est.
605 1017 658 1082 Ita
680 1019 717 1082 fit
740 1019 855 1084 beatae
872 1019 957 1084 vitae

40 1127 78 1171 na
104 1105 249 1185 fortuna,
284 1127 380 1190 quam
407 1105 567 1190 Epicurus
599 1107 647 1171 ait
679 1108 827 1191 exiguam
859 1109 957 1173 inter·

40 1215 57 1258 e
83 1194 232 1278 sapienti.

40 1302 98 1368 ge,
125 1283 263 1366 inquies,
294 1284 359 1348 ista
385 1305 486 1365 parva
514 1286 599 1348 sunt.
654 1281 837 1367 Sapientem
870 1285 954 1350 locu·
968 1253 1010 1379 {lg

40 1375 50 1436 t
76 1371 149 1454 ipsa
176 1375 306 1454 natura,
333 1372 422 1436 cuius
450 1371 581 1436 divitias
608 1371 767 1454 Epicurus
795 1373 957 1455 parabiles

47 1459 165 1524 docuit.
214 1458 304 1524 Haec
331 1460 412 1524 bene
441 1459 603 1541 dicuntur,
631 1481 690 1524 nce
721 1481 781 1545 ego
804 1481 958 1544 repugno,

40 1552 113 1612 nter
136 1569 206 1612 sese
228 1548 301 1632 ipsa
323 1551 478 1632 pugnant
523 1547 633 1632 Negat
658 1549 744 1612 enim
768 1549 958 1612 tenuissimo

40 1685 48 1720 ,
84 1636 119 1699 id
155 1639 205 1700 est
240 1635 526 1718 contemptissimis
570 1635 652 1700 escis
689 1639 721 1700 et
761 1637 958 1720 potionibus,

40 1746 104 1788 rem
126 1725 328 1807 voluptatem
351 1724 474 1807 percipi
498 1745 594 1807 quam
620 1724 718 1788 rebus
746 1724 958 1808 exquisitissi-

40 1812 81 1878 ad
107 1813 309 1895 epulandum.
354 1811 438 1877 Huic
466 1832 539 1896 ego,
567 1812 596 1876 si
623 1815 759 1897 negaret
788 1813 959 1897 quicquam

40 1922 106 1965 asse
137 1901 178 1965 ad
213 1901 305 1965 beate
337 1900 521 1984 vivendum,
558 1901 645 1986 quali
683 1903 826 1966 uteretur
861 1902 959 1984 victu,

40 1989 168 2072 aierem,
203 1989 367 2054 laudarem
405 1989 516 2071 etiam3
559 2010 670 2053 verum
707 1990 793 2053 enim
829 1988 958 2072 diceret,

40 2103 45 2140 r
67 2077 247 2155 Socratem,
276 2078 331 2162 qui
358 2078 558 2160 voluptatem
586 2077 675 2142 nullo
706 2078 777 2142 loco
801 2081 958 2160 numerat,

40 2192 45 2227 ι
71 2166 246 2248 dicentem,
274 2165 338 2230 cibi
367 2165 607 2230 condimentum
636 2187 706 2230 esse
737 2165 870 2248 famem,
902 2188 958 2249 po·

40 2277 47 2319 ι
69 2255 168 2318 sitim.
220 2252 281 2318 Sed
309 2255 365 2336 qui
392 2254 432 2318 ad
459 2254 659 2337 voluptatem
683 2255 792 2319 omnia
816 2255 958 2319 referens

58 2345 95 2407 ut
123 2340 307 2424 Gallonius,
336 2341 479 2427 loquitur
507 2345 544 2406 ut
569 2341 669 2428 Frugi
695 2342 750 2406 ille
777 2341 867 2425 Piso,
894 2364 959 2406 non

40 2453 47 2494 r
81 2452 142 2495 nec
174 2452 261 2514 eum,
288 2429 373 2515 quod
401 2431 532 2514 sentiat,
560 2430 664 2494 dicere
693 2430 848 2494 existimo.
893 2429 958 2495 Na·
978 2449 1011 2497 91

40 2541 72 2584 es
95 2518 227 2583 divitias
250 2518 332 2582 dixit
354 2519 517 2601 parabiles
541 2540 624 2602 esse,
647 2517 732 2603 quod
750 2539 849 2600 parvo
873 2521 960 2582 esset

40 2629 68 2671 fa
90 2610 251 2671 contenta.
303 2605 411 2689 Certe,
437 2607 501 2671 nisi
528 2606 731 2690 voluptatem
753 2605 838 2670 tanti
866 2605 960 2669 aesti-

40 2695 90 2760 tis.
139 2691 216 2759 Non
243 2695 361 2774 minor,
388 2695 506 2779 inquit,
536 2695 686 2778 voluptas
714 2693 889 2777 percipitur
921 2714 959 2759 ex

40 2783 117 2848 rimis
141 2783 237 2847 rebus
261 2805 358 2866 quam
378 2805 416 2847 ex
438 2783 690 2865 pretiosissimis.
732 2781 803 2846 Hoc
822 2785 872 2846 est
894 2803 960 2847 non

40 2897 45 2933 ι
69 2892 124 2936 cor
146 2892 213 2936 non
235 2871 367 2955 habere,
396 2871 515 2935 sedne
543 2871 691 2954 palatum
714 2870 851 2954 quidem.
897 2869 959 2946 Qui

62 2961 261 3043 voluptatem
288 2960 393 3043 ipsam
421 2962 643 3041 contemnunt,
674 2958 715 3022 iis
746 2959 823 3023 licet
855 2959 959 3023 dicere
1040 3029 1045 3037 ⁸

40 3069 235 3132 :upenserem
258 3068 390 3112 maenae
413 3068 479 3111 non
508 3050 716 3129 anteponere,
744 3047 794 3111 cui
822 3068 897 3112 vero
925 3047 960 3110 in

40 3139 118 3202 »tate
138 3158 298 3200 summum
315 3135 436 3200 bonum
456 3139 517 3217 est,
540 3135 616 3199 huic
639 3134 748 3199 omnia
766 3157 871 3219 sensu,
893 3156 960 3200 non

40 3245 75 3289 ne
103 3227 179 3289 sunt
205 3223 390 3306 iudicanda,
418 3244 518 3306 eaque
547 3223 681 3288 dicenda
708 3223 847 3306 optima,
877 3242 958 3306 quae

43 3312 244 3378 suavissima.
300 3310 422 3376 Verum
454 3316 538 3394 est03
570 3316 787 3395 consequatur
818 3331 959 3374 summas
979 3330 1012 3379 92

40 3405 136 3477 statas
167 3421 234 3466 non
267 3399 362 3464 modo
395 3421 510 3483 parvo,
542 3399 598 3464 red
625 3422 684 3483 per
711 3419 763 3462 me
788 3396 905 3476 nihilo,
932 3396 961 3461 si

40 3492 72 3576 ὡς
95 3489 141 3555 sit
163 3489 313 3573 voluptas
338 3509 405 3552 non
427 3488 533 3552 minor
554 3488 590 3551 in
611 3485 776 3553 nasturcio
798 3485 870 3567 illo,
896 3505 960 3568 quo
