2346 3876
270 160 277 166 '
307 149 374 204 LIB.
392 151 413 207 I.
442 150 520 206 ΟΔΡ,
539 156 643 206 8-10.
672 154 827 216 §eo-3⁷.
1030 152 1072 215 15

54 335 115 378 suo
145 314 265 377 decore
292 312 551 397 imbecillamque
577 312 728 396 reddidit,
760 311 844 396 quod
876 314 1008 397 negarit
1035 313 1071 377 in

58 423 96 466 ea
118 400 195 465 sola
217 400 363 484 positum
386 421 456 465 esse
478 401 572 465 beate
595 400 711 466 vivere.
746 399 832 464 Nam
855 399 979 482 Strato,
1003 403 1069 466 eius
1089 422 1126 469 34

59 489 205 570 auditor,
234 509 427 572 quamquam
459 488 522 552 fuit
553 489 620 553 acri
651 489 793 573 ingenio,
820 492 929 553 tamen
960 491 1001 554 ab
1035 512 1072 555 ea

10 656 13 669 Ι
61 577 235 660 disciplina
263 577 393 641 omnino
422 576 632 641 semovendus
660 581 723 662 est,
751 576 807 661 qui
833 598 905 641 cum
931 577 1071 642 maxime

43 664 280 730 successariam
306 668 432 748 partem
457 664 697 748 philosophiae,
727 685 809 749 quae
831 665 939 748 posita
962 668 1012 730 est
1037 667 1072 730 in

65 754 181 818 virtute
200 756 236 816 et
253 753 413 836 moribus,
435 753 619 836 reliquisset
641 756 809 837 totumque
829 775 863 817 se
882 753 922 817 ad
940 753 1071 818 investi·

69 840 227 924 gationem
258 844 394 905 naturae
426 842 627 924 contulisset,
658 841 693 905 in
725 862 763 905 ea
793 842 866 924 ipsa
895 842 1071 924 plurimum

10 1008 14 1017 .
71 927 198 992 dissedit
222 951 243 993 a
265 929 342 995 suis.
379 927 575 1013 Speusippus
599 933 707 997 autem
731 933 763 992 et
784 928 995 1013 Xenocrates,
1018 930 1073 1013 qui

10 1066 16 1104 :
72 1017 159 1098 primi
180 1014 331 1081 Platonis
357 1019 516 1082 rationem
539 1017 827 1100 auctoritatemque
857 1022 1072 1101 susceperant,

10 1155 19 1192 ·.
49 1108 101 1167 oet
125 1107 202 1188 post
240 1126 296 1169 eos
328 1105 460 1171 Polemo
493 1109 526 1169 et
557 1103 669 1170 Crates
705 1126 830 1189 unaque
863 1104 1000 1170 Crantor
1038 1107 1073 1170 in

10 1254 21 1281 Ι,
75 1192 240 1257 Academia
262 1193 452 1278 congregati
478 1193 653 1279 diligenter
675 1214 727 1276 ea,
756 1215 837 1277 quae
858 1216 877 1258 a
901 1195 1072 1278 superiori-

10 1328 24 1368 ζ
75 1278 125 1344 bus
142 1285 344 1365 acceperant,
361 1281 545 1347 tuebantur.
570 1280 641 1345 Iam
657 1281 864 1346 Polemonem
883 1281 1073 1348 audiverant

10 1417 25 1457 :
77 1367 197 1433 adsidue
224 1367 312 1433 Zeno
344 1373 377 1433 et
402 1370 573 1434 Arcesilas.
628 1367 691 1433 Sed
722 1367 807 1434 Zeno
840 1392 912 1435 cum
945 1371 1072 1436 Arcesi·
1091 1390 1126 1439 aa

10 1485 26 1545 ξ,
78 1454 131 1521 lam
157 1457 299 1521 anteiret
326 1461 432 1522 aetate
460 1457 614 1541 valdeque
644 1456 807 1521 subtiliter
837 1458 1009 1523 dissereret
1041 1463 1073 1523 et

55 1549 216 1624 uperacute
242 1549 438 1629 moveretur,
457 1546 616 1629 corrigere
640 1547 773 1610 conatus
793 1550 843 1610 est
860 1546 1072 1629 disciplinam.

10 1659 25 1719 ὲ
78 1628 147 1697 llam
164 1654 307 1718 quoque,
332 1634 361 1697 si
378 1633 518 1715 videtur,
537 1633 770 1698 correctionem
788 1633 969 1716 explicabo,
988 1634 1074 1697 sicut

10 1752 29 1806 q
79 1720 191 1786 solebat
213 1719 404 1785 Antiochus
448 1719 530 1784 Mihi
550 1742 640 1804 vero,
662 1721 803 1804 inquam,
826 1720 964 1804 videtur,
987 1721 1072 1804 quod

77 1807 152 1873 rides
174 1808 262 1873 idem
286 1809 468 1893 significare
489 1808 713 1892 Pomponium.

130 1896 218 1962 Zeno
250 1896 353 1981 igitur
382 1897 474 1962 nullo
505 1898 601 1962 modo
632 1897 661 1961 is
691 1900 774 1980 erat,
805 1897 873 1980 qui,
905 1902 942 1962 ut
970 1898 1071 1964 Theo-
1084 1901 1127 1964 10

20 1981 234 2068 aphractus,
264 2006 380 2051 nervos
411 1986 540 2049 virtutis
572 1984 739 2067 incideret,
771 1985 826 2048 sed
858 1989 982 2067 contra,
1018 1987 1072 2069 qui

10 2120 21 2155 ¹.
74 2073 187 2157 omnia,
220 2093 301 2156 quae
334 2073 375 2137 ad
407 2073 535 2137 beatam
567 2073 667 2136 vitam
702 2071 913 2155 pertinerent,
946 2073 979 2137 in
1008 2095 1072 2138 una

10 2184 21 2241 ς·
71 2159 184 2225 virtute
221 2165 357 2244 poneret
391 2183 450 2225 nec
487 2161 661 2245 quidquam
697 2160 784 2224 aliud
819 2164 1003 2225 numeraret
1038 2162 1073 2224 in

11 2305 17 2313 .
70 2246 157 2313 bonis
180 2247 280 2332 idque
303 2249 481 2332 appellaret
501 2249 687 2331 honestum,
715 2247 800 2333 quod
829 2251 914 2312 esset
938 2248 1071 2330 simplex

10 2392 12 2398 .
68 2335 226 2418 quoddam
255 2340 289 2400 et
316 2337 421 2401 solum
449 2339 482 2401 et
507 2358 607 2401 unum
635 2336 764 2400 bonum.
819 2333 934 2410 Cetera
966 2340 1072 2401 autem
1091 2357 1126 2404 36

38 2424 125 2488 aetsi
147 2445 208 2488 nee
231 2423 317 2489 bona
338 2446 397 2489 nec
424 2425 511 2489 mala
534 2427 654 2506 essent,
679 2427 789 2488 tamen
812 2424 876 2488 alia
899 2425 1072 2488 secundum

66 2515 214 2577 naturam
249 2511 389 2595 dicebat,
425 2513 490 2577 alia
518 2514 652 2576 naturae
684 2533 754 2576 esse
788 2511 958 2576 contraria.
1011 2510 1072 2575 His

10 2608 19 2671 ις’
64 2599 142 2683 ipsis
162 2599 230 2664 alia
247 2598 417 2664 interiecta
439 2599 599 2664 etmedia
622 2600 822 2664 numerabat.
859 2598 948 2674 Quae
966 2602 1073 2662 autem

13 2680 17 2717 ³
65 2687 240 2752 secundum
253 2691 402 2752 naturam
420 2691 536 2770 essent,
555 2709 593 2751 ea
607 2687 760 2752 sumenda
775 2690 808 2751 et
825 2686 964 2769 quadam
979 2687 1072 2750 aesti-

10 2758 14 2835 l
64 2777 206 2841 mationa
225 2770 388 2860 dignanda
405 2776 542 2840 docebat
561 2779 735 2859 contraque
759 2774 934 2857 contraria,
958 2778 1074 2839 neutra

10 2862 172 2928 'mentm
194 2862 231 2927 in
252 2863 367 2927 mediis
390 2864 603 2947 relinquebat,
629 2865 662 2927 in
690 2863 804 2948 quibus
826 2863 970 2945 ponebat
992 2864 1073 2927 nihil

62 2953 196 3015 omnino
230 2971 301 3014 esse
336 2953 500 3016 momenti.
558 2949 619 3016 Sed
651 2972 732 3034 quae
766 2953 873 3015 essent
909 2951 1125 3034 sumendae?

62 3060 101 3103 ex
122 3040 164 3103 iis
188 3038 255 3103 alia
277 3039 379 3122 pluris
398 3060 468 3104 esse
491 3039 699 3120 aestimanda,
723 3038 787 3103 alia
805 3037 947 3103 minoris.
986 3038 1073 3115 Quae

59 3126 179 3210 pluris,
211 3146 251 3190 ea
282 3127 510 3210 praeposita
542 3127 741 3211 appellabat,
773 3127 921 3190 reiecta
957 3129 1073 3208 autem,

60 3235 143 3297 quae
172 3213 317 3279 minoris.
366 3214 478 3298 Atque.
501 3219 538 3278 ut
565 3215 645 3281 haec
671 3236 737 3278 non
764 3217 832 3278 tam
856 3215 952 3278 rebus
976 3235 1073 3297 quam

24 3303 230 3368 avocabulis
258 3305 526 3385 commutaverat,
550 3303 596 3366 sic
619 3303 704 3366 inter
722 3305 807 3365 recte
831 3302 953 3366 factum
976 3304 1072 3382 atque

10 3424 13 3473 ς
59 3393 231 3474 peccatum
264 3389 408 3455 officium
435 3394 469 3454 et
496 3394 608 3454 contra
635 3389 777 3454 officium
799 3389 923 3453 media
944 3385 1073 3451 locabat

10 3476 15 3549 't
60 3478 234 3564 quaedam,
256 3481 345 3543 recte
366 3477 453 3542 facta
475 3477 546 3543 sola
567 3477 713 3544 inbonis
736 3477 922 3544 actionibus
942 3495 1085 3562 ponens,

10 3570 20 3693 l
