2346 3876
120 153 188 217 432
318 149 614 206 TUSCULANARUM
634 146 938 203 DISPUTATIONUM

122 317 211 398 bato,
233 314 314 378 illud
333 314 428 378 modo
447 312 621 395 explicant,
641 311 679 374 de
698 332 762 394 quo
781 313 857 375 ante
875 310 960 375 nihil
979 313 1127 396 seriptum

123 406 186 485 est3
208 401 394 485 philosophi
416 419 654 484 quamcumque,
672 420 741 462 rem
768 399 893 463 habent
919 400 955 463 in
978 400 1127 481 manibus,

123 492 159 554 in
186 511 257 554 eam
284 510 366 573 quae
394 488 599 570 conveniunt,
627 489 806 571 congerunt
833 487 959 571 omnia,
987 488 1049 552 etsi
1071 488 1126 552 alio

123 578 195 643 loeo
220 577 385 659 disputata
407 579 491 639 sunt.
537 573 631 650 Quod
657 575 692 637 ni
719 575 767 638 ita
789 578 890 658 esset,
917 597 975 640 eur
999 573 1127 657 Stoicus,

124 666 152 730 si
176 668 261 730 esset
283 664 476 748 quaesitum,
505 663 626 727 satisne
650 662 689 726 ad
716 662 811 726 beate
834 663 1011 727 vivendum
1033 664 1146 728 v‘irtuss

34 767 45 788 ⁰
123 755 248 836 posset,
276 751 382 815 multa
410 749 551 815 diceret?
581 751 633 813 eui
661 750 740 814 satis
768 754 855 814 esset
881 751 1077 833 respondere
1099 771 1126 813 se

125 844 199 904 ante
226 839 372 904 docuisse
399 837 482 903 nihil
504 838 626 903 bonum
654 859 737 921 esse,
764 837 829 901 nisi
854 838 942 921 quod
964 839 1125 904 honestum

125 931 223 1010 esset,
245 926 308 991 hoo
331 927 468 1010 probato
491 946 687 1008 consequens
712 947 781 989 esse
804 926 937 990 beatam
955 927 1057 991 uitam
1073 928 1125 991 uir·

124 1019 194 1079 tute
218 1037 287 1079 esse
311 1017 511 1096 contentam,
530 1017 563 1077 et
586 1035 649 1097 quo
673 1013 768 1077 modo
791 1013 855 1078 boe
874 1014 919 1078 sit
938 1035 1124 1099 consequens

124 1103 187 1184 illi,
210 1103 256 1166 sie
277 1101 359 1165 illud
381 1102 469 1183 huic,
497 1105 547 1184 ut,
575 1101 604 1165 si
625 1100 723 1166 beata
745 1101 814 1165 vita
835 1103 957 1166 virtute
985 1106 1151 1167 cantemas

125 1190 181 1270 sit,
210 1189 276 1252 nisi
304 1188 475 1253 honestum
505 1188 589 1273 quod
619 1189 675 1271 sit,
703 1189 785 1252 nihil
816 1189 904 1252 aliud
937 1190 981 1253 sit
1007 1191 1123 1255 bonum.

74 1291 106 1338 19
126 1275 187 1341 Sed
214 1281 323 1340 tamen
345 1298 411 1340 non
434 1280 534 1360 agunt
557 1277 616 1359 sie,
645 1297 722 1340 nam
746 1280 779 1341 et
805 1276 844 1340 de
872 1277 1013 1342 honesto
1037 1281 1069 1342 et
1093 1276 1123 1340 de

125 1363 359 1429 summobono
383 1364 557 1448 separatim
579 1364 657 1428 libri
681 1368 768 1447 sunt,
792 1368 921 1429 etcum
945 1388 985 1430 ex
1009 1388 1046 1431 eo
1069 1364 1122 1429 effi·

125 1454 229 1518 cietur
260 1452 338 1516 satis
370 1471 523 1535 maguam
554 1453 590 1515 111
621 1452 741 1516 virtute
769 1452 809 1515 ad
838 1452 934 1517 beate
965 1453 1122 1518 vivendum

125 1563 194 1604 esse
217 1540 297 1616 vim,
318 1539 422 1604 nihilo
441 1532 547 1603 miuus
569 1539 633 1604 hoo
651 1543 754 1624 agunt
771 1541 956 1623 separatim.
992 1540 1121 1626 Propriis
1130 1559 1147 1601 11

125 1629 210 1692 enim
239 1632 272 1691 et
294 1628 361 1691 suis
386 1628 585 1712 argumentis
608 1630 641 1691 et
664 1628 939 1694 admonitionibus
967 1628 1122 1694 tractanda

125 1737 268 1799 quaeque
291 1738 342 1778 res
366 1719 428 1793 est,
455 1719 549 1781 tanta
577 1716 777 1799 praesertim.
823 1713 910 1780 Cave
935 1718 1022 1782 enirn
1043 1719 1121 1802 putes

124 1805 225 1867 ullam
239 1804 275 1866 in
288 1802 494 1887 philosophia
508 1824 619 1867 vocem
633 1803 786 1868 emissam
800 1805 980 1889 clariorem,
994 1806 1121 1870 ullumve

126 1913 195 1955 esse
213 1891 439 1975 philosophiae
457 1891 653 1974 promissum
672 1892 802 1956 uberius
822 1896 879 1956 aut
897 1894 1010 1958 maius.
1050 1892 1122 1958 Nam
1162 1932 1164 1937 ·

126 1980 201 2062 quid
224 1980 414 2061 profitetur?
443 2000 461 2042 o
485 1978 518 2042 di
541 1979 631 2043 boni!
658 1980 876 2062 perfecturam
899 2003 948 2064 se,
979 1982 1036 2065 qui
1056 1978 1163 2064 legi-a,

125 2067 186 2130 bus
210 2068 275 2130 suis
298 2069 471 2150 paruisset,
498 2070 535 2130 ut
562 2070 648 2130 esset
675 2071 787 2131 eontra
813 2068 981 2133 fortunam
1011 2086 1123 2150 semper

127 2158 284 2235 armatus,
301 2159 338 2216 ut
356 2156 465 2218 omnia
483 2155 647 2237 praesidia
667 2154 803 2219 haberet
821 2156 856 2218 111
875 2178 909 2220 se
928 2157 1012 2221 bene
1030 2157 1122 2221 beate

72 2264 107 2310 20
127 2263 187 2325 que
219 2241 359 2322 vivendi,
391 2246 428 2306 ut
458 2246 544 2306 esset
573 2263 700 2324 semper
729 2243 864 2326 denique
893 2244 1022 2310 beatus.
1072 2239 1123 2307 Sed

125 2329 252 2411 videm,
293 2329 370 2413 quid
406 2330 542 2413 efficiat3
584 2331 743 2413 tantisper
778 2331 840 2395 hoe
881 2333 991 2414 ipsum
1028 2327 1123 2415 magui

127 2423 285 2501 aestumo,
309 2418 394 2501 quod
416 2418 594 2500 pollicetur.
631 2416 716 2482 Nam
738 2418 861 2482 Xerxes
884 2420 1017 2502 quidem
1038 2420 1151 2485 refer-a

125 2509 177 2570 tus
197 2506 346 2570 omnibus
364 2506 515 2588 praemiis
535 2505 690 2590 donisque
708 2506 871 2587 fortunae,
892 2529 961 2572 non
980 2509 1125 2594 equitatu,

125 2617 192 2658 non
214 2594 416 2676 pedestribus
440 2594 556 2676 copiis,
579 2614 645 2657 non
666 2594 799 2658 navium
822 2594 1046 2680 multitudine,
1070 2614 1126 2660 non

126 2682 251 2745 infinito
278 2678 427 2764 pondere'
442 2682 512 2744 auri
535 2684 720 2764 contentus,
747 2682 928 2766 praemium
958 2682 1126 2768 proposuit,

127 2770 181 2852 qui
208 2769 383 2833 invenisset
409 2791 527 2833 novam
552 2770 768 2853 voluptatem,
789 2792 861 2854 ¹qua
889 2770 964 2854 ipsa
986 2793 1054 2837 non
1073 2771 1088 2834 f
1107 2768 1126 2830 ’1

127 2859 309 2941 contentus3
331 2879 433 2940 neque
458 2857 542 2919 enirn
561 2878 715 2940 umquam
738 2857 834 2921 finem
857 2857 1005 2923 inveniet
1027 2857 1154 2923 libidoa

125 2943 196 3008 Nos
218 2945 334 3007 vellem
357 2944 501 3027 praemio
529 2945 641 3009 elicere
668 2967 851 3028 possemus,
881 2946 937 3030 qui
960 2947 1057 3012 nobis
1079 2943 1127 3009 ali·

81 3080 101 3143 8
127 3031 204 3114 quid
227 3031 405 3114 attulisset,
428 3055 491 3116 quo
514 3032 576 3096 hoe
599 3033 723 3097 firmius
747 3034 959 3098 crederemus.

74 3158 106 3203 21
193 3119 234 3184 A.
260 3116 387 3182 Vellem
416 3118 450 3181 id
479 3120 622 3203 quidem,
654 3121 709 3184 sed
738 3122 843 3187 habeo
872 3121 1022 3205 paulurn,
1054 3118 1128 3207 quod

126 3206 296 3288 requiram.
340 3204 413 3290 Ego
438 3208 524 3271 enirn
548 3209 711 3273 adsentior
734 3230 857 3292 eorum,
883 3231 966 3292 quae
988 3207 1130 3294 posuisti,

126 3293 263 3357 alterum
292 3293 386 3357 alteri
414 3317 610 3379 consequens
635 3318 717 3380 esse,
739 3301 790 3380 ut,
815 3318 909 3380 quern
932 3297 975 3362 ad
998 3299 1158 3377 modums

127 3381 167 3462 si,
191 3381 275 3463 quod
298 3381 469 3448 honestum
493 3384 549 3464 sit,
572 3384 605 3446 id
628 3385 733 3448 solum
757 3385 801 3448 sit
823 3386 959 3468 bonum,
984 3389 1130 3471 sequatur

124 3469 222 3535 vitam
249 3469 379 3537 beatam
398 3473 516 3538 virtute
535 3471 662 3554 eonfiai,
686 3473 744 3550 sie,
767 3474 881 3537 siritu
899 3473 997 3537 beata
1021 3475 1056 3539 in
1073 3473 1130 3538 vir·
