2356 3870
316 134 385 189 ΜΒ.
403 135 437 190 11.
466 133 543 190 car.
565 141 609 204 19,
629 141 671 188 20.
699 140 856 200 §oo-as.
1032 133 1094 195 147

82 297 192 362 dicere
219 296 383 382 videbare,
410 320 483 363 cum
510 319 548 362 ex
576 297 679 361 altera
705 300 797 380 parte
820 297 964 379 ponebas
988 318 1096 360 cumu-

82 386 189 450 latum
211 386 352 469 aliquem
369 385 520 468 plurimis
545 388 577 449 et
598 384 747 448 maximis
766 383 987 466 voluptatibus
1006 385 1095 448 nullo

83 495 142 538 neo
174 473 341 557 praesenti
378 495 437 538 nec
472 473 581 538 futuro
614 473 738 557 dolore,
774 493 813 536 ex
849 472 952 536 altera
989 476 1096 536 autem

86 561 283 626 cruciatibus
310 562 461 626 maximis
489 565 561 628 toto
588 582 723 644 corpore
752 560 842 624 nulla
864 581 923 623 nec
945 558 1097 624 adiuncta

64 671 143 714 enee
176 653 310 732 sperata
342 651 522 734 voluptate,
554 652 587 713 et
619 648 808 733 quaerebas,
839 648 910 731 quis
948 651 1004 710 aut
1035 647 1097 711 hoe

87 738 236 803 miserior
254 740 311 802 aut
330 738 495 820 superiore
513 737 569 802 illo
589 737 729 819 beatior;
753 735 865 800 deinde
884 734 1096 799 concludebas

88 847 248 891 summum
276 826 398 890 malum
426 847 494 889 esse
523 825 679 908 dolorem,
707 846 867 888 summum
894 823 1014 886 bouum
1042 845 1097 887 vo·

88 913 258 998 luptatem!

141 1000 188 1074 L.
218 1001 356 1065 Thorius
383 1000 507 1065 Balbus
534 1000 610 1084 fuit,
640 1000 838 1078 Lanuvinus,
865 1022 960 1084 quem
988 1000 1150 1070 memi·20

59 1089 171 1154 unisse
196 1092 234 1153 tu
254 1111 322 1154 non
344 1092 445 1173 potes.
489 1088 523 1152 is
546 1089 595 1152 ita
616 1089 759 1171 vivebat,
782 1088 932 1152 utnulla
954 1092 1022 1152 tam
1046 1110 1098 1153 ex·

89 1177 208 1260 quisita
235 1180 346 1260 posset
373 1177 511 1243 inveniri
538 1176 701 1259 voluptas,
730 1198 793 1260 qua
818 1198 885 1240 non
911 1176 1096 1241 abundaret.

88 1264 167 1329 Erat
186 1268 221 1328 et
242 1264 376 1348 cupidus
395 1265 602 1348 voluptatum
621 1265 740 1328 eteius
759 1264 885 1348 generis
903 1264 1097 1349 intellegens

89 1358 115 1418 et
137 1353 307 1437 copiosus,
330 1352 377 1417 ita
399 1375 466 1418 non
489 1353 748 1436 superstitiosus,
771 1357 808 1417 ut
830 1353 888 1416 illa
905 1352 1046 1435 plurima
1063 1353 1098 1417 iu

88 1463 142 1506 sua
175 1441 284 1524 patria
317 1441 474 1505 sacrificia
507 1445 539 1505 et
574 1441 651 1504 fana
682 1443 913 1524 contemneret,
949 1442 996 1504 ita
1031 1463 1098 1505 non

60 1553 79 1592 15
88 1529 221 1594 timidus
249 1529 290 1593 ad
318 1533 468 1612 mortem,
495 1533 533 1593 ut
559 1529 592 1594 in
616 1528 684 1593 acie
708 1528 752 1592 sit
778 1529 819 1592 ob
843 1529 1097 1610 rempublicam

87 1616 286 1681 interfectus.
323 1614 525 1701 Cupiditates
545 1638 612 1682 non
628 1616 763 1699 Epicuri
781 1615 936 1679 divisione
956 1616 1097 1694 finiebat,
1116 1630 1150 1678 64

88 1705 139 1769 sed
169 1727 230 1768 sua
258 1705 418 1769 satietate.
467 1704 620 1769 Habebat
647 1709 758 1769 tamen
784 1703 945 1767 rationem
977 1704 1098 1767 valetu-

88 1792 183 1857 dinis:
212 1792 365 1856 utebatur
391 1792 433 1856 iis
463 1792 759 1875 exercitationibus,
792 1795 828 1855 ut
855 1791 895 1855 ad
923 1813 1034 1856 cenam
1066 1797 1098 1855 et

88 1881 201 1945 sitiens
221 1882 255 1945 et
273 1881 416 1945 esuriens
435 1881 574 1964 veniret,
596 1902 633 1945 eo
653 1880 739 1963 cibo,
762 1880 817 1963 qui
836 1883 869 1943 et
886 1880 1096 1944 suavissimus

59 1972 172 2033 coesset
200 1971 234 2031 et
261 1968 346 2032 idem
378 1968 550 2033 facillimus
579 1968 620 2032 ad
652 1967 926 2051 concoquendum,
958 1969 1031 2032 vino
1065 1973 1097 2031 et

88 2057 125 2121 ad
148 2056 366 2139 voluptatem,
394 2060 488 2120 etue
511 2059 650 2121 noceret.
696 2054 810 2121 Cetera
832 2055 891 2120 illa
913 2055 1097 2135 adhibebat,

88 2144 205 2229 quibus
228 2143 367 2227 demptis
389 2149 489 2229 negat
511 2166 546 2208 se
564 2143 722 2227 Epicurus
745 2144 931 2229 intellegere
954 2144 1030 2227 quid
1054 2145 1098 2208 sit

87 2230 217 2297 bonum.
274 2232 398 2296 Aberat
434 2233 537 2296 omnis
571 2231 676 2313 dolor,
714 2232 769 2316 qui
802 2231 830 2295 si
863 2232 1002 2315 adesset,
1037 2255 1096 2297 nee

88 2320 231 2385 molliter
261 2319 361 2385 ferret
393 2323 425 2385 et
455 2323 565 2384 tamen
596 2319 727 2383 medicis
758 2320 831 2403 plus
864 2342 960 2402 quam
992 2321 1096 2403 philo·

58 2408 199 2492 prophis
233 2411 385 2472 uteretur.
440 2406 538 2473 Color
574 2407 736 2492 egregius,
773 2408 900 2491 integra
937 2407 1096 2485 valetudo,

87 2517 214 2560 summa
253 2496 375 2580 gratia,
416 2496 484 2560 vita
524 2496 660 2579 denique
706 2495 851 2559 conferta
894 2494 1096 2578 voluptatum

87 2584 230 2649 omnium
258 2584 423 2648 varietate.
472 2582 568 2648 Hune
595 2606 653 2648 vos
680 2584 824 2662 beatum3
854 2582 941 2647 ratio
965 2583 1095 2666 quidem
1114 2605 1148 2653 ot

89 2676 195 2736 restra
219 2671 266 2736 sic
289 2671 385 2755 cogit.
430 2671 476 2735 At
499 2693 558 2755 ego
582 2693 678 2755 quem-
699 2671 774 2736 huie
798 2674 1005 2754 anteponam,
1029 2694 1095 2736 non

87 2760 188 2825 audeo
216 2759 333 2843 dicere,
361 2759 446 2824 dicet
471 2782 531 2842 pro
555 2781 606 2823 me
631 2759 703 2842 ipsa
725 2761 827 2823 virtus
851 2781 910 2823 neo
933 2759 1096 2825 dubitabit

57 2847 141 2913 uisti
163 2851 273 2912 vestro
297 2847 393 2912 beato
416 2846 461 2910 M.
483 2846 645 2930 Regulum
671 2851 879 2931 anteponere,
907 2869 1000 2932 quem
1027 2850 1094 2932 qui·

87 2934 171 3019 dem,
203 2957 277 3000 curn
311 2958 370 2999 sua
401 2935 582 3017 voluntate,
613 2935 704 2998 nulla
736 2935 768 2999 vi
800 2940 930 3000 coactus
966 2943 1095 3019 praeter

86 3022 194 3106 fidem,
227 3045 324 3106 quam
355 3023 488 3087 dederat
518 3022 617 3105 hosti,
652 3043 690 3085 ex
722 3023 828 3104 patria
859 3021 1094 3109 Karthaginem

85 3111 285 3194 revertisset,
304 3114 375 3176 tum
398 3111 517 3194 ipsum,
540 3131 612 3174 oum
631 3109 751 3192 vigiliis
775 3110 915 3176 etfama
938 3113 1093 3177 cruciare-

86 3202 150 3283 tur,
178 3199 299 3264 clamat
325 3201 429 3264 virtus
463 3198 639 3264 beatiorem
666 3198 766 3263 fuisse
799 3220 895 3283 quam
925 3203 1093 3282 potantem

59 3286 119 3354 uin
139 3309 217 3353 rosa
240 3287 404 3352 Thorium.
453 3286 548 3351 Bella
574 3307 695 3371 magna
722 3291 879 3371 gesserat,
906 3287 957 3351 bis
981 3290 1093 3353 consul

86 3372 204 3460 fuerat,
227 3375 445 3458 triumpharat
467 3396 526 3439 nec
549 3379 657 3439 tamen
680 3397 738 3439 sua
761 3375 819 3438 illa
838 3375 1003 3457 superiora
1025 3379 1092 3438 tam

87 3483 204 3551 magna
226 3485 329 3547 neque
352 3467 421 3528 tam
443 3463 609 3546 praeclara
632 3463 768 3561 ducebat
790 3483 887 3545 quam
906 3462 997 3527 illum
1017 3463 1092 3527 ulti-
