2346 3876
172 63 238 126 220
333 62 382 116 DE
401 61 546 116 FINIBUS
565 60 743 116 BONORUM
762 61 808 115 ET
827 60 1013 115 MALORUM

171 225 291 307 dicent,
314 228 348 288 et
365 246 424 290 vos
443 226 484 289 ad
500 227 652 289 naturam
669 222 883 287 revertemini.
922 221 1047 298 Quibus

172 314 242 377 iure
265 313 469 396 responderit
491 334 557 377 non
580 333 650 377 esse
673 332 784 375 verum
808 309 937 374 aliunde
967 310 1062 374 finem

171 401 315 485 vivendi,
342 422 417 465 ase
444 401 604 484 principia
630 400 678 464 rei
706 398 865 482 gerendae
890 398 972 481 peti;
1000 420 1062 462 esse

172 511 271 555 unam
302 490 475 570 rationem,
506 510 571 573 qua
603 491 636 552 et
662 487 822 570 principia
848 508 957 550 rerum
987 506 1062 570 ager

173 580 206 642 et
228 577 527 641 ultimabonorum
549 575 804 657 continerentur,
832 578 929 658 atque
957 578 995 638 ut
1016 573 1062 638 Ar

173 668 259 730 esset
277 665 411 749 explosa
434 665 596 729 sententia
619 663 754 728 dioentis
772 662 855 726 nihil
879 662 1007 726 differre
1016 663 1061 726 'al

174 754 253 836 alio,
275 774 334 818 neo
352 774 423 817 esse
441 774 491 817 res
511 752 594 816 ullas
616 754 746 835 praeter
764 750 900 815 virtutes
925 753 958 814 et
981 751 1061 815 vitia

173 863 251 925 quas
276 841 446 925 quiequam
465 841 596 907 omnino
614 841 800 922 interesset,
819 838 865 903 sio
884 860 993 902 errare
1013 837 1061 902 Ze]

173 930 228 1013 qui
250 929 342 992 nulla
363 929 456 997 inre
478 929 543 993 nisi
565 928 600 992 in
619 926 738 992 virtute
757 929 814 992 aut
831 926 911 990 vitio
934 948 1059 1010 propen

173 1040 212 1081 ne
235 1017 362 1082 minimi
385 1016 514 1101 quidem
536 1015 692 1080 momenti
722 1015 762 1080 ad
786 1036 949 1078 summum
972 1015 1060 1080 bonu

172 1104 361 1187 piscendum
394 1126 464 1169 esse
495 1104 616 1169 diceret
652 1107 697 1186 et,
732 1123 805 1167 oum
841 1102 881 1166 ad
913 1103 1044 1166 beatam

173 1192 299 1257 nullum
323 1195 521 1256 momentum
548 1195 654 1257 cetera
680 1191 849 1272 haberent,
876 1190 917 1254 ad
947 1191 1058 1274 appeti

172 1284 283 1344 tamen
304 1299 412 1343 rerum
437 1301 508 1344 esse
530 1280 565 1365 in
586 1281 627 1345 iis
646 1283 809 1344 momenta
832 1279 968 1362 diceret3
992 1301 1060 1362 qua:

172 1367 253 1431 haee
282 1367 440 1450 appetitio
467 1389 534 1433 non
561 1368 602 1431 ad
630 1368 748 1433 summi
774 1367 851 1431 boni
883 1366 1060 1451 adeptione:

123 1456 306 1523 retineret!
353 1453 437 1531 Quid
460 1459 568 1519 autem
593 1456 701 1520 minus
729 1456 981 1520 consentaneum
1009 1460 1059 1518 est

173 1544 258 1628 quod
282 1543 386 1627 aiunt,
411 1544 541 1630 cognito
566 1565 691 1609 summo
714 1544 800 1607 bono
823 1542 942 1606 reverti
968 1564 1002 1606 se
1027 1543 1060 1606 ac'

172 1655 257 1715 ram,
276 1635 312 1696 ut
330 1653 369 1695 ex
388 1653 426 1695 ea
443 1634 557 1715 petant
576 1631 693 1716 agendi
711 1630 916 1714 principium,
939 1630 1043 1695 idest

172 1719 248 1785 Non
281 1720 367 1784 enim
399 1719 536 1783 aetionis
569 1723 626 1783 aut
657 1719 756 1785 officii
783 1719 867 1782 ratio
896 1719 1036 1801 impellit

173 1829 254 1892 quae
285 1806 460 1872 seeundum
481 1811 633 1872 naturam
657 1810 744 1890 sunt,
773 1807 968 1890 appetenda,
997 1806 1053 1870 sed

174 1899 207 1960 et
230 1895 387 1978 appetitio
411 1897 444 1958 et
466 1896 551 1960 aetio
575 1899 803 1960 commovetur.

123 1994 163 2058 18
240 1982 334 2046 Nune
363 1983 457 2048 venio
485 1984 526 2047 ad
553 1983 611 2048 illa
637 1986 696 2047 tua
722 1983 848 2066 brevia,
875 2004 956 2066 quae
984 2004 1059 2047 cons

174 2091 245 2135 esse
269 2069 412 2153 dicebas,
435 2073 468 2134 et
489 2071 630 2154 primum
657 2070 751 2155 illud,
778 2091 841 2154 quo
868 2070 951 2134 nihil
981 2073 1057 2154 pote

173 2158 257 2222 vius:
285 2155 412 2221 Bonum
439 2178 533 2222 omne
560 2158 737 2243 laudabile,
763 2158 926 2223 laudabile
955 2162 1058 2222 autem

134 2315 136 2320 ,
173 2246 362 2324 honestum,
389 2246 511 2311 bonum
537 2247 639 2330 igitur
667 2269 761 2311 omne
787 2247 968 2310 honestum.
1019 2245 1046 2310 Ο

173 2334 270 2400 beum
296 2334 483 2418 pugionem!
529 2332 608 2410 Quis
636 2336 723 2399 enim
750 2334 812 2399 tibi
838 2334 978 2417 primum
1005 2334 1058 2397 illu

175 2422 329 2488 cesserit?
347 2421 424 2506 (quo
444 2422 573 2505 quidem
591 2444 743 2488 concesso
759 2421 842 2486 nihil
862 2444 942 2505 opus
961 2426 1011 2486 est
1030 2443 1058 2486 se

175 2511 204 2574 si
230 2511 317 2575 enim
341 2531 436 2573 omne
463 2511 586 2576 bonum
614 2511 777 2574 laudabile
800 2512 862 2592 est,
890 2530 985 2573 omne
1010 2509 1058 2574 ho:

125 2615 156 2662 19
175 2594 239 2680 est)
271 2598 342 2681 quis
369 2598 472 2682 igitur
498 2598 561 2662 tibi
586 2599 674 2662 istud
703 2598 795 2662 dabit
820 2601 948 2681 praeter
975 2597 1058 2680 Pyrr

175 2682 363 2748 Aristonem
400 2706 550 2749 eorumve
586 2685 730 2751 similes?
767 2707 848 2771 quos
884 2689 920 2749 tu
951 2706 1019 2749 non
1054 2708 1057 2767 j

174 2771 383 2853 Aristoteles,
409 2771 620 2856 Xenocrates,
647 2777 719 2838 tota
746 2773 804 2838 illa
829 2773 956 2837 familia
982 2793 1051 2837 non

175 2858 292 2941 quippe
311 2859 366 2942 qui
383 2860 615 2944 valetudinem,
633 2861 731 2939 vires,
749 2861 897 2944 divitias,
915 2861 1057 2944 gloriam¹

175 2945 239 3011 alia
265 2945 353 3010 bona
377 2967 447 3009 esse
473 2947 596 3031 dicant,
625 2949 804 3013 laudabilia
826 2970 892 3013 non
916 2948 1035 3013 dicant.

175 3033 304 3117 quidem
327 3033 375 3096 ita
395 3054 462 3098 non
485 3035 555 3099 sola
577 3036 696 3101 virtute
723 3037 821 3100 finem
843 3037 1003 3101 bonorum
1027 3058 1057 3102 o<

174 3123 302 3205 putant,
325 3123 363 3184 ut
379 3121 475 3186 rebus
498 3124 607 3187 tamen
621 3125 776 3189 *omnibus
794 3124 948 3188 virtutem
967 3128 1056 3208 ante}

175 3208 252 3293 quid
279 3229 389 3273 censes
419 3230 474 3275 eos
503 3231 573 3275 esse
599 3212 759 3296 facturos,
787 3213 841 3295 qui
868 3211 1001 3277 omnino
1029 3214 1056 3276 vi

175 3319 195 3360 a
222 3297 380 3363 bonorum
413 3296 477 3361 fine
506 3303 770 3385 segregaverunt,
802 3298 993 3383 Epicurum,
1025 3299 1056 3364 H

174 3406 275 3469 mum,
310 3383 386 3449 illos
419 3385 532 3470 etiam,
568 3387 597 3451 si
629 3388 685 3470 qui
717 3385 938 3453 Carneadeum
970 3389 1056 3453 finen
