2356 3870
123 178 190 242 414
298 174 619 231 'TUSCULANARUM
636 173 940 232 DISPUTATIONUM

123 340 225 423 igitur
248 337 329 402 mihi
358 338 424 402 iarn
448 336 664 402 convertenda
687 336 790 400 omnis
815 336 921 401 oratio
946 338 1009 421 est3
1038 337 1127 401 simu·

123 429 173 491 las
197 427 283 491 enim
305 446 456 508 quaerere
479 430 513 490 te
536 424 575 488 de
598 425 758 508 sapiente,
784 425 913 508 quaeris
937 427 1048 489 autem
1070 425 1127 490 for·

123 520 211 579 tasse
234 515 273 578 de
295 517 338 578 te.

189 602 312 666 Earum
329 601 430 686 igitur
447 599 740 683 perturbationum,
759 621 839 683 quas
857 599 1004 683 exposui,
1025 601 1126 665 variae

125 694 200 755 sunt
231 690 423 754 curationes.
475 686 562 752 Nam
593 709 697 771 neque
729 688 834 752 omnis
869 688 1037 771 aegritudo
1069 709 1149 753 uuas

123 778 250 842 ratione
273 776 417 857 sedatur,
441 776 507 840 alia
529 778 579 839 est
602 775 689 839 enirn
711 775 850 859 lugenti,
879 775 944 840 alia
966 775 1128 841 miseranti

124 871 181 930 aut
203 865 360 930 invidenti
378 863 559 929 adhibenda
577 862 744 927 medicina.
775 861 841 926 ‘Est
858 863 958 927 etiam
978 864 1015 932 in
1033 864 1127 928 omni·

123 953 183 1016 bus
212 955 365 1036 quattuor
397 947 695 1034 perturbationibus
721 949 779 1014 illa
811 950 993 1034 distinctio,
1025 955 1128 1016 utrum

124 1041 165 1104 ad
200 1041 384 1104 universam
419 1038 710 1121 perturbationem,
746 1039 836 1120 quae‘
864 1042 914 1102 est
947 1039 1127 1122 aspernatio

123 1128 260 1192 rationis
288 1130 345 1192 aut
372 1125 532 1208 adpetitus
567 1125 801 1209 vehementior,
833 1147 876 1190 an
906 1126 949 1190 ad
977 1127 1128 1211 singulas,
1139 1149 1160 1190 ro

123 1220 160 1279 ut
183 1214 224 1278 ad
247 1217 382 1296 metum,
404 1213 596 1296 lubidinem,
617 1212 772 1296 reliquas,
799 1213 916 1277 melius
939 1214 1128 1280 adhibeatur

124 1302 243 1385 oratio,
266 1305 299 1365 et
321 1304 429 1365 utrum
451 1301 573 1365 illudne
591 1321 658 1365 non
674 1301 821 1365 videatur
839 1321 935 1385 aegre
953 1301 1128 1383 ferundum,

124 1411 162 1453 ex
186 1411 248 1473 quo
273 1391 421 1473 suscepta
444 1389 487 1453 sit
509 1388 691 1473 aegritudo,
715 1409 757 1453 an
778 1389 923 1453 omnium
941 1411 1053 1454 rerum
1073 1390 1127 1455 tol·

122 1477 218 1555 lenda
248 1477 377 1541 omnino
408 1476 590 1560 aegritudo,
622 1479 671 1554 ut,
703 1477 731 1540 si
760 1476 831 1559 quis
859 1496 955 1560 aegre
985 1477 1073 1543 ferat
1097 1496 1128 1542 se

123 1586 298 1649 pauperem
329 1585 413 1648 esse,
444 1564 520 1628 idne
551 1564 709 1648 disputes,
744 1567 972 1648 paupertatem
1011 1565 1160 1630 malumu

123 1675 189 1717 non
211 1674 293 1736 esse,
317 1674 359 1717 an
380 1652 545 1717 hominem
563 1673 658 1736 aegre
676 1651 762 1714 ferre
779 1651 861 1715 nihil
880 1656 1043 1735 oportere.
1077 1653 1128 1718 Ni·

122 1741 241 1805 mirum
272 1740 334 1805 hoc
364 1740 494 1823 melius,
525 1760 578 1820 ne,
611 1739 639 1803 si
665 1738 750 1804 forte
778 1739 816 1802 de
846 1743 1042 1822 paupertate
1069 1763 1128 1806 non

37 1897 39 1901 ,
123 1828 333 1910 persuaseris,
361 1828 404 1892 sit
430 1826 625 1912 aegritudini
652 1827 901 1910 concedendum3
930 1828 1127 1913 aegritudine

124 1918 232 1980 autem
263 1916 392 1980 sublata
415 1914 563 1998 ,propriis
598 1914 793 1996 rationibus,
830 1915 948 1998 quibus
981 1916 1053 1981 beri
1082 1915 1126 1980 usi

71 2003 531 2177 {tilifflselmllltmtlt
551 2003 650 2154 Ἓὲἒέ
673 2003 1031 2173 titubabit.
1048 2004 1158 2176 pp.

124 2178 249 2242 catione
273 2177 423 2241 abluatur
444 2177 503 2242 illa
526 2178 667 2261 quidem,
695 2198 768 2242 cum
790 2177 904 2245 doceas
927 2200 988 2244 nec
1013 2180 1125 2245 bonum

122 2264 204 2329 illud
236 2285 319 2348 esse,
351 2285 389 2328 ex
420 2285 483 2348 quo
516 2264 644 2329 laetitia
680 2267 736 2330 aut
767 2265 867 2330 libido
899 2266 1040 2352 oriatur,
1072 2287 1125 2331 uec

123 2352 258 2436 malum,
276 2373 315 2416 ex
334 2373 396 2435 quo
415 2356 471 2417 aut
488 2355 592 2417 metus
612 2356 668 2416 aut
686 2353 870 2438 aegritud03
890 2358 1125 2420 verumtamen

123 2440 203 2505 baec
221 2444 270 2505 est
288 2443 376 2504 certa
395 2443 428 2505 et
445 2440 577 2523 propria
595 2441 720 2505 sanatio
726 2490 735 2524 ,
758 2441 786 2505 si
809 2441 924 2506 doceas
947 2443 1040 2526 ipsas
1061 2461 1153 2527 per-u

122 2528 324 2593 turbationes
348 2549 405 2612 per
429 2549 463 2592 se
486 2548 556 2592 esse
579 2527 715 2593 vitiosas
735 2549 799 2598 nee⁸
816 2528 936 2593 habere
959 2532 1124 2615 quicquam

125 2619 182 2679 aut
203 2616 350 2681 naturale
374 2618 431 2679 aut
454 2616 686 2699 necessarium,
707 2619 744 2680 ut
765 2616 871 2699 ipsam
894 2618 1124 2703 aegritudinem

123 2702 216 2767 leniri
243 2703 400 2786 ridemus,
432 2724 505 2767 oum
532 2703 691 2768 obicimus
722 2704 941 2768 maerentibus
977 2703 1124 2771 inbecilli·

124 2792 225 2853 tatem
258 2791 358 2854 animi
392 2790 588 2871 ecfeminati,
626 2811 761 2875 cumque
793 2812 902 2855 eorum
936 2794 1124 2876 gravitatem

124 2879 402 2961 constantiamque
420 2877 602 2960 laudamus,
625 2879 763 2961 quinon
785 2878 972 2943 turbulente
990 2880 1151 2946 humanae

123 2965 296 3048 patiantur.
332 2965 425 3042 Quod
448 2965 576 3050 quidem
600 2966 683 3031 solet
705 2966 751 3030 eis
773 2966 872 3030 etiam
896 2965 1125 3053 acciderant

123 3053 180 3118 illa
208 3053 295 3116 mala
324 3074 394 3117 esse
424 3057 568 3135 censent,
595 3052 728 3118 ferenda
754 3057 865 3118 tamen
891 3075 996 3140 aequo
1025 3055 1124 3120 animo

124 3141 330 3206 arbitrantur.
384 3139 482 3204 Putat
515 3140 631 3224 aliquis
663 3162 732 3205 esse
764 3142 965 3225 voluptatem
1003 3144 1125 3223 bonum,

124 3229 206 3294 alius
226 3233 334 3294 autem
355 3227 539 3311 pecuniam3
561 3232 672 3293 tamen
694 3232 727 3293 et
744 3229 800 3293 ille
818 3229 860 3294 ab
879 3228 1125 3314 intemperantia

123 3322 156 3382 et
182 3318 235 3382 hic
262 3340 282 3385 a
328 3315 470 3397 avaritia
493 3317 621 3379 avocari
648 3319 763 3399 potest.
808 3316 870 3381 illa
897 3321 1008 3382 autem
1031 3320 1152 3384 alteras

121 3408 206 3473 ratic
394 3453 405 3489 ,
427 3424 508 3487 quae
530 3403 626 3466 simul
645 3408 677 3469 et
696 3404 879 3488 opinionem
902 3405 1023 3471 falsam
1044 3404 1124 3471 tollit

122 3501 155 3562 et
180 3318 416 3640 ἁ
444 3490 599 3575 detrabit,
626 3495 677 3555 est
704 3513 742 3558 ea
769 3493 897 3576 quidem
923 3494 1049 3580 utilior,
1075 3490 1124 3557 sed
