2346 3876
102 162 146 226 56
359 159 651 223 ACADEMICORUM
671 159 837 214 PRIORUM

104 324 169 390 alia
182 323 275 407 falsa,
293 322 348 407 qui
363 345 400 386 ea
415 320 611 406 distinguis?
648 320 711 386 Sed
730 322 847 405 desine,
872 337 1005 408 quaeso,
1028 346 1115 391 oom-

103 411 252 476 munibus
275 411 369 494 loeis3
393 410 479 474 domi
501 409 595 474 nobis
614 410 679 474 ista
699 413 887 475 naseuntur.
930 410 975 495 si,
998 411 1116 496 inquis,

104 499 181 564 deus
208 504 242 563 te
274 499 465 583 interroget,
498 497 585 562 sanis
612 497 707 562 modo
735 500 768 562 et
797 498 935 582 integris
963 500 1116 564 sensibus

103 609 180 651 num
199 586 338 670 amplius
357 586 433 671 quid
456 585 626 668 desideres,
648 585 726 670 quid
747 585 968 668 respondeas?
984 622 1026 634 —
1042 587 1113 653 Uti-

103 697 180 740 nam
203 673 333 758 quidem
355 676 461 758 roget!
486 672 604 755 audiet,
626 694 723 757 quam
741 673 910 738 nobiseum
933 675 1021 739 male
1042 696 1139 760 egos

103 764 156 827 rit.
201 763 247 828 Ut
274 762 361 826 enim
382 782 460 826 vera
485 761 663 843 videamus,
693 782 790 844 quam
817 760 914 846 longe
942 761 1114 828 videmus?

102 850 175 935 Ego
198 848 307 915 Catuli
330 848 512 913 Cumanum
535 870 573 912 ex
604 848 666 913 hoo
693 850 765 913 loeo
797 870 892 915 cerno
931 851 1114 934 [regionem

104 938 225 1020 video]‚
242 937 478 1020 Pompeianum
495 957 680 1014 nonnemo,
700 957 804 1019 neque
817 938 993 1020 quiequam
1015 939 1114 1003 inter·

104 1026 223 1090 ieetum
248 1029 305 1109 est,
328 1024 414 1108 quod
437 1024 553 1108 obstet,
576 1023 631 1088 sed
649 1023 774 1088 intendi
793 1025 878 1088 acies
895 1025 1029 1110 longius
1048 1048 1115 1091 non

103 1115 219 1196 potest.
256 1112 283 1176 Ο
306 1112 506 1195 praeclarum
528 1113 748 1196 prospectum!
778 1110 934 1178 Puteolos
957 1113 1152 1198 videmus‚1o

104 1204 140 1264 at
168 1200 363 1264 familiarem
384 1203 533 1264 nostrum
556 1197 589 1264 0.
611 1200 786 1264 Avianium
811 1198 952 1266 fortasse
980 1202 1016 1266 in
1043 1225 1115 1286 por·

49 1289 171 1352 sitien
207 1287 352 1370 Neptuni
395 1287 616 1351 ambulantem
656 1309 723 1352 non
760 1287 914 1352 videmus.
974 1288 1022 1355 At
1060 1291 1114 1356 ille

104 1376 212 1441 nescio
235 1374 300 1459 qui,
322 1375 377 1459 qui
400 1375 434 1439 in
458 1373 578 1439 scholis
599 1376 760 1439 nominari
783 1376 875 1459 solet,
897 1377 990 1441 mille
1009 1381 1044 1443 et
1064 1401 1114 1445 oo·

104 1463 252 1547 tingente
265 1463 380 1543 ,stadia
402 1460 489 1545 quod
511 1462 647 1546 abesset,
669 1463 809 1527 videbat.
837 1463 1005 1540 Quaedam
1024 1467 1114 1531 volu·

105 1573 174 1615 eres
196 1550 333 1636 longius.
369 1549 609 1632 Responderem
630 1551 732 1636 igitur
749 1551 902 1616 audacter
923 1553 982 1617 isti
1004 1558 1114 1619 vestro
1128 1579 1153 1621 re

105 1639 164 1704 deo
188 1659 238 1702 me
267 1639 363 1722 plane
391 1637 442 1702 his
466 1637 567 1703 oeulis
594 1659 662 1702 non
684 1659 754 1702 esse
777 1642 973 1705 contentum.
1019 1640 1116 1707 Dieet

105 1749 156 1791 me
175 1727 279 1791 aerius
294 1726 402 1791 videre
416 1747 514 1808 qnam
535 1725 609 1790 illos
631 1725 737 1808 pisces
758 1725 912 1808 fortasse,
935 1729 992 1813 qui
1009 1751 1115 1814 neque

104 1815 255 1880 uidentur
277 1836 296 1878 a
317 1813 413 1878 nobis
437 1816 469 1876 et
490 1834 576 1877 nune
598 1813 727 1897 quidem
746 1814 806 1879 sub
826 1815 927 1880 oeulis
951 1822 1040 1902 sunt,
1062 1840 1115 1884 ne·

105 1924 167 1987 que
196 1903 261 1985 ipsi
282 1923 343 1965 nos
367 1900 527 1983 suspicere
556 1903 701 1984 possunt.
745 1900 836 1986 Ergo
859 1907 896 1966 ut
924 1903 992 1969 illis
1021 1927 1115 1990 aqua,

105 1990 152 2054 sio
173 1990 268 2054 nobis
292 1993 346 2052 adr
369 2009 496 2052 crassus
519 1988 702 2055 offunditur.
742 1987 788 2054 At
810 1991 949 2074 amplius
971 2015 1040 2058 non
1062 1995 1153 2060 dero

106 2076 291 2141 sideramus.
322 2075 429 2152 Quid?
446 2076 570 2160 talpam
584 2099 663 2143 num
677 2076 855 2142 desiderare
868 2079 980 2144 lumen
992 2081 1115 2164 putas?

104 2164 216 2248 Neque
230 2168 298 2228 tam
312 2184 461 2248 quererer
474 2185 546 2228 eum
565 2164 633 2247 deo,
653 2166 738 2249 quod
754 2186 869 2248 parum
887 2167 996 2252 longe,
1016 2191 1116 2253 quam

105 2251 190 2337 quod
220 2251 340 2316 falsum
369 2251 518 2316 riderem.
563 2250 704 2316 Videsne
732 2275 848 2318 navem
879 2255 993 2319 illam?
1026 2263 1114 2322 stare

104 2340 198 2405 nobis
221 2339 361 2424 videtum
394 2342 428 2403 at
451 2339 505 2423 iis,
534 2340 589 2424 qui
611 2341 646 2404 in
668 2341 744 2405 navi
766 2344 854 2429 sunt,
881 2344 1005 2409 moveri
1032 2345 1114 2410 haee

105 2427 192 2494 villa.
239 2427 363 2504 Quaere
391 2427 563 2511 rationem,
593 2450 649 2492 eur
680 2429 728 2492 ita
754 2430 914 2514 videatur3
947 2453 1048 2516 quam
1077 2436 1153 2499 utro

104 2516 242 2582 maxime
260 2516 431 2598 inveneris,
454 2513 538 2599 quod
560 2514 647 2580 haud
666 2517 732 2581 seio
755 2538 797 2582 an
818 2538 886 2582 non
906 2520 1025 2604 poesis,
1047 2543 1116 2589 non

52 2608 141 2709 26tu
163 2627 274 2669 verum
298 2609 326 2668 te
346 2606 464 2673 testem
490 2603 623 2687 habere,
651 2603 706 2668 sed
729 2625 802 2668 eum
828 2625 895 2683 non
922 2607 992 2672 sine
1014 2629 1115 2675 eausa

51 2735 86 2783 32
104 2693 224 2757 falsum
255 2691 478 2756 testimonium
508 2691 612 2755 dioere
636 2692 822 2756 ostenderis.
868 2692 952 2769 Quid
980 2716 1042 2780 ego
1075 2697 1114 2762 de

104 2779 208 2845 nave?
231 2778 297 2844 vidi
311 2778 397 2842 enim
410 2800 431 2842 a
443 2780 476 2842 te
493 2800 620 2843 remum
633 2781 802 2845 contemni.
833 2780 960 2846 Maiora
972 2783 1114 2850 fortasse

105 2867 242 2951 quaeris.
279 2865 363 2942 Quid
384 2867 576 2948 potestesse
591 2867 660 2931 sole
673 2867 801 2931 maius?
824 2890 919 2952 quem
934 2870 1114 2938 mathema-
1126 2895 1153 2938 so

104 2956 161 3020 tici
179 2953 317 3037 amplius
340 2952 561 3038 duodeviginti
583 2953 730 3037 partibus
751 2956 942 3021 confirmant
954 2959 1114 3025 maiorem

105 3064 174 3108 esse
207 3063 304 3127 quam
335 3044 462 3106 terram.
516 3039 698 3118 Quantulus
729 3043 824 3108 nobis
854 3044 995 3110 videtur!
1031 3048 1115 3113 mihi

105 3131 233 3215 quidem
247 3129 340 3215 quasi
353 3129 490 3212 pedalis3
504 3128 665 3212 Epicurus
679 3133 787 3194 antem
800 3152 894 3214 posse
906 3135 1003 3215 putat
1011 3136 1115 3200 etiam

104 3220 261 3292 minorem
275 3238 344 3282 esse
363 3238 444 3301 eum,
466 3238 566 3301 quam
587 3216 742 3301 videatur,
764 3219 908 3285 sednon
931 3221 1049 3306 multo3
1071 3244 1114 3288 ne

105 3307 261 3377 maiorem
284 3304 413 3389 quidem
441 3305 544 3368 multo
571 3307 770 3388 potestesse,
802 3306 853 3370 vel
880 3311 1009 3392 tantum
1032 3328 1152 3395 essere

105 3397 243 3484 quantus
271 3394 431 3474 videatur,
463 3394 501 3454 nt
523 3391 608 3455 oculi
637 3395 693 3456 aut
721 3392 803 3457 nihil
832 3394 1033 3460 mentiantur
1056 3402 1115 3464 aut

99 3504 168 3553 non
182 3483 321 3563 multum
341 3478 546 3544 mentiantur.
575 3476 641 3544 Ubi
658 3479 761 3566 igitur
777 3480 856 3546 illud
870 3486 920 3547 est
939 3482 1112 3551 ‘semel'l

65 3606 158 3640 hm
