2356 3870
270 178 336 232 ιιΒ.
356 178 403 233 ιν.
431 176 507 230 CAP.
527 182 648 230 31-34
677 181 833 241 §er-m
990 175 1056 238 419

117 339 179 405 Sed
201 343 319 440 poetas·
336 339 490 403 ludere
465 360 620 420 sinamus,
643 360 779 421 quorum
796 337 949 402 fabulis
939 360 974 402 ιιι
996 329 1109 413 hocy

43 428 175 528 flagitio
198 428 321 491 versari
344 427 451 510 ipsum
473 426 618 491 videmus
642 426 761 491 Iovem.
806 425 857 488 Ad
883 426 1056 509 magistros

42 515 179 580 virtutis
213 514 425 615 philosophos
457 515 637 597 veniamus,
673 513 728 597 qui
761 535 903 577 amorem
937 477 1059 598 iiegant

46 604 156 687 stupri
184 624 254 666 esse
282 603 351 666 et
341 624 376 666 ιιι
405 623 441 665 eo
451 602 602 688 litigant
630 623 703 665 cum
726 594 867 684 Epicuro
889 623 956 665 non
978 601 1059 664 mul-

46 696 133 774 tum,
160 690 336 772 utopinio
360 712 433 754 mea
459 690 536 767 fert,
563 689 748 753 mentiente.
794 688 872 764 Quis
901 694 950 753 est
973 690 1058 752 enim

45 780 111 843 iste
136 799 226 841 amor
256 778 365 841 amicrt
342 777 439 840 tiae?
466 798 522 841 cur
548 798 651 860 neque
677 776 853 841 deformem
876 777 1058 841 adulescen-

46 872 116 932 tem
146 866 314 950 quisquam
342 868 431 928 amat
456 886 560 948 neque
587 864 764 929 formosum
793 864 924 929 senem?
975 865 1059 929 Mihi

47 955 180 1040 quidem
198 952 278 1017 haec
301 953 336 1016 in
355 952 549 1017 Graecorum
567 952 746 1036 gymnasiis
765 956 843 1016 nata
862 952 1059 1018 consuetudo

48 1043 192 1124 videtur,
213 1040 249 1103 in
272 1041 387 1123 quibus
411 1041 467 1104 isti
489 1041 584 1104 liberi
607 1043 640 1104 et
663 1040 805 1105 concessi
828 1044 904 1104 sunt
925 1062 1059 1104 amores.

48 1130 139 1194 Bene
162 1149 239 1213 ergo
263 1128 402 1192 Ennius:

93 1251 244 1335 Flagiti
263 1249 495 1335 principium
509 1255 568 1316 est
581 1253 723 1317 nudare
741 1249 844 1315 inter
862 1252 958 1316 civis
978 1254 1059 1316 cdr-

870 1362 971 1422 pora.

50 1481 113 1558 Qui
140 1482 177 1544 ut
203 1481 269 1544 sint
273 1480 395 1563 ,quod
423 1480 493 1543 fieri
520 1501 615 1562 posse
642 1480 749 1563 video,
778 1479 908 1580 pudici&
927 1480 1059 1544 solliciti

49 1575 161 1635 tamen
185 1571 217 1632 et
240 1530 327 1632 arixii
351 1572 438 1649 sunt,
462 1589 563 1651 eoque
586 1567 704 1650 magis,
734 1567 820 1651 quod
843 1589 876 1631 se
898 1568 962 1650 ipsi
984 1589 1058 1632 con-

49 1658 156 1721 tinent
179 1660 212 1720 et
236 1659 391 1720 coercent.
427 1618 547 1738 Atque,
570 1658 607 1719 ut
629 1655 795 1719 muliebris
816 1677 941 1719 amores
964 1656 1057 1719 omit·
1078 1666 1110 1713 ιι

50 1750 133 1828 tam,
156 1744 273 1827 quibus
296 1743 451 1807 maiorem
473 1743 583 1807 licent'
558 1747 639 1807 t1am
657 1747 776 1807 natura
794 1744 965 1822 concessit,
987 1744 1059 1826 quis

51 1837 108 1898 aut
135 1831 174 1895 de
202 1829 384 1914 Ganymedi
410 1833 506 1913 raptu
532 1831 672 1915 dubitat,
701 1831 777 1915 quid
803 1835 918 1915 poetae
949 1831 1059 1915 velint,

51 1924 108 1985 aut
130 1941 197 1983 non
218 1919 391 2003 intellegit,
440 1918 495 1981 uid
523 1919 608 2001 apud
630 1918 819 2002 Euripidem
847 1922 880 1983 et
907 1918 1060 2002 loquatur

51 2014 84 2072 ct
112 2007 223 2090 cupiat
248 2006 367 2070 Laius?
422 2005 505 2081 Quid
533 2006 669 2090 denique
698 2005 845 2070 homines
879 2006 1059 2070 doctissimi

52 2098 85 2158 et
113 2095 229 2158 summi
256 2098 369 2176 poetae
398 2093 436 2157 de
464 2116 497 2157 se
525 2095 606 2177 ipsis
630 2097 663 2159 et
686 2095 881 2158 carminibus
905 2094 1004 2158 edunt
1027 2098 1059 2158 et

52 2181 223 2246 cantibus?
259 2181 367 2246 Fortis
390 2181 440 2245 uir
461 2182 496 2245 in
518 2205 577 2246 sua
597 2203 631 2245 re
653 2182 784 2265 publica
807 2182 955 2266 cognitus
977 2203 1057 2266 quae

50 2271 91 2334 de
112 2270 265 2333 iuuenum
288 2288 397 2332 amore
420 2269 533 2332 scribit
550 2269 701 2332 Alcaeus!
738 2268 823 2334 Nam
842 2269 1058 2334 Anacreontis

51 2357 181 2442 quidem
194 2359 265 2420 tota
278 2356 383 2439 podsis
398 2359 448 2419 est
462 2357 628 2421 amatoria.
659 2354 808 2420 Maxume
824 2378 899 2421 vero
915 2358 1057 2421 omnium

50 2446 206 2530 flagrasse
229 2465 337 2507 amore
359 2443 521 2527 Reginum
542 2443 678 2527 Ibycum
702 2448 838 2527 apparet
860 2466 898 2507 ex
921 2445 1058 2527 scriptis.

118 2531 227 2615 Atque
241 2530 357 2594 horum
371 2531 514 2595 omnium
532 2532 732 2596 lubidinosos
747 2553 818 2596 esse
832 2552 957 2596 amores
971 2532 1057 2595 vide·
1067 2536 1111 2601 34

51 2641 133 2684 mus.
188 2617 378 2702 Philosophi
411 2640 521 2682 sumus
553 2620 671 2704 exorti,
703 2623 736 2684 et
768 2624 898 2685 auctore
930 2620 1058 2703 quidem

50 2711 165 2772 nostro
183 2705 333 2789 Platone,
352 2727 447 2790 quem
465 2728 531 2770 non
549 2708 668 2772 iniuria
685 2707 902 2772 Dicaearchus
921 2711 1058 2791 accusat,

51 2796 107 2878 qui
136 2794 240 2858 amori
268 2794 495 2858 auctoritatem
521 2796 744 2860 tribueremus,
795 2795 896 2860 Stoici
923 2817 999 2861 vero
1026 2801 1110 2860 etta

52 2883 232 2966 sapientem
264 2885 446 2946 amaturum
479 2903 548 2946 esse
580 2883 689 2947 dicunt
718 2888 751 2947 et
779 2904 922 2949 amorem
950 2885 1058 2967 ipsum

51 2969 221 3034 ‘conatum
244 2969 406 3034 amicitiae
428 2970 593 3034 faciendae
612 2992 651 3034 ex
668 2972 915 3054 pulchritudinis
938 2971 1058 3055 specie'

51 3058 216 3122 definiunt.
254 3057 316 3133 Qui
340 3057 367 3121 si
390 3057 461 3140 quis
485 3062 535 3122 est
556 3058 591 3122 in
612 3079 718 3122 rerum
741 3063 857 3124 natura
880 3061 948 3124 sine
972 3061 1058 3124 solli-

51 3144 207 3228 citudine,
235 3145 303 3208 sine
332 3144 503 3225 desiderio,
531 3146 599 3210 sine
628 3167 715 3228 cura,
744 3148 812 3211 sine
837 3148 989 3232 suspiri0,
1015 3149 1059 3211 sit

51 3254 143 3318 sane3
171 3236 266 3297 vacat
293 3232 378 3296 enim
403 3233 490 3297 omni
513 3233 658 3317 libidine3
685 3233 764 3299 haec
788 3239 895 3299 autem
918 3235 956 3298 de
986 3235 1058 3299 libi-

51 3321 125 3386 dine
153 3321 259 3385 oratio
288 3324 346 3384 est
395 3317 453 3384 Sin
475 3324 582 3385 autem
610 3284 659 3385 esi
682 3322 797 3405 aliquis
822 3344 923 3405 amor,
949 3326 987 3386 ut
1010 3326 1060 3387 est

51 3412 152 3491 certe,
186 3407 241 3491 qui
272 3407 354 3471 nihil
382 3407 469 3471 absit
496 3412 553 3472 aut
582 3430 648 3474 non
679 3410 762 3474 mult
748 3413 817 3474 tum
849 3411 932 3474 ab
923 3411 1059 3494 rnsania,

51 3496 190 3581 qualis
180 3517 215 3559 m
237 3493 473 3561 Leucadiat
424 3499 486 3559 est:

845 3600 899 3655 27*
