<?xml version="1.0" encoding="UTF-8"?>
<!DOCTYPE html PUBLIC "-//W3C//DTD XHTML 1.0 Transitional//EN"
    "http://www.w3.org/TR/xhtml1/DTD/xhtml1-transitional.dtd">
<html xmlns="http://www.w3.org/1999/xhtml" xml:lang="en" lang="en">
 <head>
  <title>
</title>
<meta http-equiv="Content-Type" content="text/html;charset=utf-8" />
  <meta name='ocr-system' content='tesseract 3.04.00' />
  <meta name='ocr-capabilities' content='ocr_page ocr_carea ocr_par ocr_line ocrx_word'/>
</head>
<body>
  <div class='ocr_page' id='page_1' title='image "./mtulliiciceroni00mlgoog_0395.png"; bbox 0 0 2346 3876; ppageno 0'>
   <div class='ocr_carea' id='block_1_1' title="bbox 127 143 942 212">
    <p class='ocr_par' dir='ltr' id='par_1_1' title="bbox 127 143 942 212">
     <span class='ocr_line' id='line_1_1' title="bbox 127 143 942 212; baseline -0.002 -12"><span class='ocrx_word' id='word_1_1' title='bbox 127 146 194 212; x_wconf 77' lang='lat'><strong>346</strong></span> <span class='ocrx_word' id='word_1_2' title='bbox 324 143 622 200; x_wconf 75' lang='lat' dir='ltr'>TUSCULANARUM</span> <span class='ocrx_word' id='word_1_3' title='bbox 639 143 942 200; x_wconf 73' lang='lat' dir='ltr'><strong>DrsPuuAulouuM</strong></span> 
     </span>
    </p>
   </div>
   <div class='ocr_carea' id='block_1_2' title="bbox 70 305 1164 3540">
    <p class='ocr_par' dir='ltr' id='par_1_2' title="bbox 70 305 1164 3540">
     <span class='ocr_line' id='line_1_2' title="bbox 128 305 1121 390; baseline -0.003 -18"><span class='ocrx_word' id='word_1_4' title='bbox 128 328 313 373; x_wconf 82' lang='lat' dir='ltr'><strong>maxumum</strong></span> <span class='ocrx_word' id='word_1_5' title='bbox 346 306 478 389; x_wconf 79' lang='lat' dir='ltr'><strong>dixerit,</strong></span> <span class='ocrx_word' id='word_1_6' title='bbox 514 306 660 390; x_wconf 86' lang='lat' dir='ltr'><strong>quamvis</strong></span> <span class='ocrx_word' id='word_1_7' title='bbox 696 306 781 369; x_wconf 86' lang='lat' dir='ltr'><strong>idem</strong></span> <span class='ocrx_word' id='word_1_8' title='bbox 812 305 1001 371; x_wconf 80' lang='lat' dir='ltr'><strong>forticulum</strong></span> <span class='ocrx_word' id='word_1_9' title='bbox 1035 327 1067 370; x_wconf 87' lang='lat' dir='ltr'><strong>se</strong></span> <span class='ocrx_word' id='word_1_10' title='bbox 1094 305 1121 369; x_wconf 88' lang='lat' dir='ltr'><strong>ir</strong></span> 
     </span>
     <span class='ocr_line' id='line_1_3' title="bbox 126 392 1121 478; baseline -0.006 -17"><span class='ocrx_word' id='word_1_11' title='bbox 126 395 323 461; x_wconf 70' lang='lat' dir='ltr'><strong>torminibus</strong></span> <span class='ocrx_word' id='word_1_12' title='bbox 355 397 388 457; x_wconf 91' lang='lat' dir='ltr'><strong>et</strong></span> <span class='ocrx_word' id='word_1_13' title='bbox 418 394 453 458; x_wconf 91' lang='lat' dir='ltr'><strong>in</strong></span> <span class='ocrx_word' id='word_1_14' title='bbox 480 395 665 478; x_wconf 75' lang='lat' dir='ltr'><strong>stranguria</strong></span> <span class='ocrx_word' id='word_1_15' title='bbox 691 415 750 457; x_wconf 89' lang='lat' dir='ltr'><strong>sua</strong></span> <span class='ocrx_word' id='word_1_16' title='bbox 780 393 944 475; x_wconf 78' lang='lat' dir='ltr'><strong>praebeat.</strong></span> <span class='ocrx_word' id='word_1_17' title='bbox 998 392 1121 458; x_wconf 81' lang='lat' dir='ltr'><strong>Aliunde</strong></span> 
     </span>
     <span class='ocr_line' id='line_1_4' title="bbox 127 481 1122 567; baseline -0.002 -20"><span class='ocrx_word' id='word_1_18' title='bbox 127 484 229 567; x_wconf 82' lang='lat' dir='ltr'><strong>igitur</strong></span> <span class='ocrx_word' id='word_1_19' title='bbox 252 485 301 546; x_wconf 88' lang='lat' dir='ltr'><strong>est</strong></span> <span class='ocrx_word' id='word_1_20' title='bbox 323 481 504 565; x_wconf 85' lang='lat' dir='ltr'><strong>quaerenda</strong></span> <span class='ocrx_word' id='word_1_21' title='bbox 526 481 696 560; x_wconf 86' lang='lat' dir='ltr'><strong>medicina,</strong></span> <span class='ocrx_word' id='word_1_22' title='bbox 719 486 752 545; x_wconf 84' lang='lat' dir='ltr'><strong>et</strong></span> <span class='ocrx_word' id='word_1_23' title='bbox 775 481 916 545; x_wconf 82' lang='lat' dir='ltr'><strong>maxime</strong></span> <span class='ocrx_word' id='word_1_24' title='bbox 939 481 1073 564; x_wconf 84' lang='lat' dir='ltr'><strong>quidem,</strong></span> <span class='ocrx_word' id='word_1_25' title='bbox 1092 481 1122 562; x_wconf 84' lang='lat' dir='ltr'><strong>si,</strong></span> 
     </span>
     <span class='ocr_line' id='line_1_5' title="bbox 127 568 1122 654; baseline 0 -20"><span class='ocrx_word' id='word_1_26' title='bbox 127 571 204 654; x_wconf 89' lang='lat' dir='ltr'><strong>quid</strong></span> <span class='ocrx_word' id='word_1_27' title='bbox 236 569 374 634; x_wconf 85' lang='lat' dir='ltr'><strong>maxime</strong></span> <span class='ocrx_word' id='word_1_28' title='bbox 406 572 655 633; x_wconf 84' lang='lat' dir='ltr'><strong>consentaneum</strong></span> <span class='ocrx_word' id='word_1_29' title='bbox 686 569 742 649; x_wconf 89' lang='lat' dir='ltr'><strong>sit,</strong></span> <span class='ocrx_word' id='word_1_30' title='bbox 778 568 978 651; x_wconf 84' lang='lat' dir='ltr'><strong>quaerimus,</strong></span> <span class='ocrx_word' id='word_1_31' title='bbox 1014 568 1053 634; x_wconf 89' lang='lat' dir='ltr'><strong>ab</strong></span> <span class='ocrx_word' id='word_1_32' title='bbox 1081 568 1122 649; x_wconf 80' lang='lat' dir='ltr'><strong>iia,</strong></span> 
     </span>
     <span class='ocr_line' id='line_1_6' title="bbox 126 652 1138 742; baseline -0.001 -20"><span class='ocrx_word' id='word_1_33' title='bbox 126 658 257 742; x_wconf 84' lang='lat' dir='ltr'><strong>quibus,</strong></span> <span class='ocrx_word' id='word_1_34' title='bbox 288 656 373 740; x_wconf 91' lang='lat' dir='ltr'><strong>quod</strong></span> <span class='ocrx_word' id='word_1_35' title='bbox 403 655 576 721; x_wconf 89' lang='lat' dir='ltr'><strong>honestum</strong></span> <span class='ocrx_word' id='word_1_36' title='bbox 609 657 666 738; x_wconf 91' lang='lat' dir='ltr'><strong>sit,</strong></span> <span class='ocrx_word' id='word_1_37' title='bbox 698 676 858 720; x_wconf 88' lang='lat' dir='ltr'><strong>summum</strong></span> <span class='ocrx_word' id='word_1_38' title='bbox 886 655 1020 738; x_wconf 81' lang='lat' dir='ltr'><strong>bonum,</strong></span> <span class='ocrx_word' id='word_1_39' title='bbox 1049 652 1138 740; x_wconf 74' lang='lat' dir='ltr'><strong>quode</strong></span> 
     </span>
     <span class='ocr_line' id='line_1_7' title="bbox 126 741 1121 829; baseline 0.001 -21"><span class='ocrx_word' id='word_1_40' title='bbox 126 749 234 829; x_wconf 85' lang='lat' dir='ltr'><strong>turpe,</strong></span> <span class='ocrx_word' id='word_1_41' title='bbox 254 766 419 808; x_wconf 89' lang='lat' dir='ltr'><strong>summum</strong></span> <span class='ocrx_word' id='word_1_42' title='bbox 440 743 567 807; x_wconf 86' lang='lat' dir='ltr'><strong>uidetur</strong></span> <span class='ocrx_word' id='word_1_43' title='bbox 589 744 720 807; x_wconf 84' lang='lat' dir='ltr'><strong>malum.</strong></span> <span class='ocrx_word' id='word_1_44' title='bbox 765 741 827 807; x_wconf 83' lang='lat' dir='ltr'><strong>His</strong></span> <span class='ocrx_word' id='word_1_45' title='bbox 848 746 886 808; x_wconf 88' lang='lat' dir='ltr'><strong>tu</strong></span> <span class='ocrx_word' id='word_1_46' title='bbox 907 743 1121 828; x_wconf 78' lang='lat' dir='ltr'><strong>praesentibus</strong></span> 
     </span>
     <span class='ocr_line' id='line_1_8' title="bbox 127 829 1122 918; baseline 0.001 -22"><span class='ocrx_word' id='word_1_47' title='bbox 127 853 254 918; x_wconf 82' lang='lat' dir='ltr'><strong>gemere</strong></span> <span class='ocrx_word' id='word_1_48' title='bbox 282 836 315 895; x_wconf 92' lang='lat' dir='ltr'><strong>et</strong></span> <span class='ocrx_word' id='word_1_49' title='bbox 340 832 461 896; x_wconf 85' lang='lat' dir='ltr'><strong>iactare</strong></span> <span class='ocrx_word' id='word_1_50' title='bbox 487 833 521 894; x_wconf 87' lang='lat' dir='ltr'><strong>te</strong></span> <span class='ocrx_word' id='word_1_51' title='bbox 543 852 609 895; x_wconf 90' lang='lat' dir='ltr'><strong>non</strong></span> <span class='ocrx_word' id='word_1_52' title='bbox 636 829 768 895; x_wconf 77' lang='lat' dir='ltr'><strong>audebis</strong></span> <span class='ocrx_word' id='word_1_53' title='bbox 795 830 958 915; x_wconf 87' lang='lat' dir='ltr'><strong>profecto;</strong></span> <span class='ocrx_word' id='word_1_54' title='bbox 986 832 1122 915; x_wconf 75' lang='lat' dir='ltr'><strong>loquetur</strong></span> 
     </span>
     <span class='ocr_line' id='line_1_9' title="bbox 72 918 1108 1042; baseline -0.004 -58"><span class='ocrx_word' id='word_1_55' title='bbox 72 921 214 1042; x_wconf 76' lang='lat' dir='ltr'><strong>20enim</strong></span> <span class='ocrx_word' id='word_1_56' title='bbox 237 941 347 983; x_wconf 90' lang='lat' dir='ltr'><strong>eorum</strong></span> <span class='ocrx_word' id='word_1_57' title='bbox 369 939 447 983; x_wconf 83' lang='lat' dir='ltr'><strong>voce</strong></span> <span class='ocrx_word' id='word_1_58' title='bbox 470 918 583 983; x_wconf 80' lang='lat' dir='ltr'><strong>Virtus</strong></span> <span class='ocrx_word' id='word_1_59' title='bbox 605 919 679 1002; x_wconf 85' lang='lat' dir='ltr'><strong>ipsa</strong></span> <span class='ocrx_word' id='word_1_60' title='bbox 700 922 820 982; x_wconf 87' lang='lat' dir='ltr'><strong>tecum:</strong></span> <span class='ocrx_word' id='word_1_61' title='bbox 1102 1005 1108 1017; x_wconf 39' lang='lat'><strong>,</strong></span> 
     </span>
     <span class='ocr_line' id='line_1_10' title="bbox 70 1005 1145 1179; baseline -0.004 -20"><span class='ocrx_word' id='word_1_62' title='bbox 70 1055 109 1103; x_wconf 61' lang='lat'><strong>⁴⁶</strong></span> <span class='ocrx_word' id='word_1_63' title='bbox 127 1007 308 1179; x_wconf 57' lang='lat' dir='ltr'><strong>adue,</strong></span> <span class='ocrx_word' id='word_1_64' title='bbox 331 1005 1145 1178; x_wconf 54' lang='lat' dir='ltr'><strong>uueuuuluuuuuuuruz.</strong></span> 
     </span>
     <span class='ocr_line' id='line_1_11' title="bbox 126 1180 1121 1265; baseline 0.001 -19"><span class='ocrx_word' id='word_1_65' title='bbox 126 1183 277 1246; x_wconf 78' lang='lat' dir='ltr'><strong>vissimaa</strong></span> <span class='ocrx_word' id='word_1_66' title='bbox 304 1181 418 1265; x_wconf 78' lang='lat' dir='ltr'><strong>plagas</strong></span> <span class='ocrx_word' id='word_1_67' title='bbox 446 1183 479 1245; x_wconf 89' lang='lat' dir='ltr'><strong>et</strong></span> <span class='ocrx_word' id='word_1_68' title='bbox 499 1180 634 1245; x_wconf 83' lang='lat' dir='ltr'><strong>ferentis</strong></span> <span class='ocrx_word' id='word_1_69' title='bbox 657 1181 800 1263; x_wconf 84' lang='lat' dir='ltr'><strong>silentio,</strong></span> <span class='ocrx_word' id='word_1_70' title='bbox 828 1180 856 1244; x_wconf 90' lang='lat' dir='ltr'><strong>si</strong></span> <span class='ocrx_word' id='word_1_71' title='bbox 879 1183 912 1245; x_wconf 85' lang='lat' dir='ltr'><strong>te</strong></span> <span class='ocrx_word' id='word_1_72' title='bbox 934 1180 1021 1247; x_wconf 83' lang='lat' dir='ltr'><strong>forte</strong></span> <span class='ocrx_word' id='word_1_73' title='bbox 1041 1180 1121 1247; x_wconf 73' lang='lat' dir='ltr'><strong>dolor</strong></span> 
     </span>
     <span class='ocr_line' id='line_1_12' title="bbox 126 1267 1119 1352; baseline 0 -19"><span class='ocrx_word' id='word_1_74' title='bbox 126 1269 245 1352; x_wconf 85' lang='lat' dir='ltr'><strong>aliquis</strong></span> <span class='ocrx_word' id='word_1_75' title='bbox 276 1268 476 1352; x_wconf 79' lang='lat' dir='ltr'><strong>pervellerit,</strong></span> <span class='ocrx_word' id='word_1_76' title='bbox 507 1268 702 1333; x_wconf 82' lang='lat' dir='ltr'><strong>exclamabis</strong></span> <span class='ocrx_word' id='word_1_77' title='bbox 733 1272 771 1333; x_wconf 90' lang='lat' dir='ltr'><strong>ut</strong></span> <span class='ocrx_word' id='word_1_78' title='bbox 799 1267 929 1350; x_wconf 89' lang='lat' dir='ltr'><strong>mulier,</strong></span> <span class='ocrx_word' id='word_1_79' title='bbox 961 1289 1029 1335; x_wconf 87' lang='lat' dir='ltr'><strong>nnn</strong></span> <span class='ocrx_word' id='word_1_80' title='bbox 1059 1289 1119 1333; x_wconf 84' lang='lat' dir='ltr'><strong>con·</strong></span> 
     </span>
     <span class='ocr_line' id='line_1_13' title="bbox 127 1354 1121 1439; baseline 0.001 -19"><span class='ocrx_word' id='word_1_81' title='bbox 127 1359 252 1421; x_wconf 85' lang='lat' dir='ltr'><strong>stanter</strong></span> <span class='ocrx_word' id='word_1_82' title='bbox 279 1362 312 1420; x_wconf 89' lang='lat' dir='ltr'><strong>et</strong></span> <span class='ocrx_word' id='word_1_83' title='bbox 339 1355 449 1419; x_wconf 89' lang='lat' dir='ltr'><strong>sedate</strong></span> <span class='ocrx_word' id='word_1_84' title='bbox 471 1354 578 1420; x_wconf 87' lang='lat' dir='ltr'><strong>feres?</strong></span> <span class='ocrx_word' id='word_1_85' title='bbox 602 1392 644 1402; x_wconf 90' lang='lat'><em>-</em></span> <span class='ocrx_word' id='word_1_86' title='bbox 666 1355 752 1419; x_wconf 84' lang='lat' dir='ltr'><strong>Fieri</strong></span> <span class='ocrx_word' id='word_1_87' title='bbox 774 1376 841 1419; x_wconf 89' lang='lat' dir='ltr'><strong>non</strong></span> <span class='ocrx_word' id='word_1_88' title='bbox 861 1358 989 1439; x_wconf 81' lang='lat' dir='ltr'><strong>potest3</strong></span> <span class='ocrx_word' id='word_1_89' title='bbox 1018 1359 1121 1421; x_wconf 74' lang='lat' dir='ltr'><strong>natm</strong></span> 
     </span>
     <span class='ocr_line' id='line_1_14' title="bbox 126 1441 1120 1528; baseline -0.002 -20"><span class='ocrx_word' id='word_1_90' title='bbox 126 1466 193 1509; x_wconf 87' lang='lat' dir='ltr'><strong>non</strong></span> <span class='ocrx_word' id='word_1_91' title='bbox 223 1444 355 1526; x_wconf 88' lang='lat' dir='ltr'><strong>patitur.</strong></span> <span class='ocrx_word' id='word_1_92' title='bbox 388 1479 429 1488; x_wconf 91' lang='lat'>—</span> <span class='ocrx_word' id='word_1_93' title='bbox 462 1442 578 1507; x_wconf 85' lang='lat' dir='ltr'><strong>Audio.</strong></span> <span class='ocrx_word' id='word_1_94' title='bbox 631 1442 726 1507; x_wconf 88' lang='lat' dir='ltr'><strong>Pueri</strong></span> <span class='ocrx_word' id='word_1_95' title='bbox 758 1444 866 1509; x_wconf 86' lang='lat' dir='ltr'><strong>ferunt</strong></span> <span class='ocrx_word' id='word_1_96' title='bbox 900 1443 1008 1528; x_wconf 82' lang='lat' dir='ltr'><strong>gloria</strong></span> <span class='ocrx_word' id='word_1_97' title='bbox 1037 1441 1120 1522; x_wconf 86' lang='lat' dir='ltr'><strong>ducti,</strong></span> 
     </span>
     <span class='ocr_line' id='line_1_15' title="bbox 126 1529 1164 1615; baseline 0.001 -21"><span class='ocrx_word' id='word_1_98' title='bbox 126 1532 234 1595; x_wconf 81' lang='lat' dir='ltr'><strong>ferunt</strong></span> <span class='ocrx_word' id='word_1_99' title='bbox 256 1531 377 1615; x_wconf 90' lang='lat' dir='ltr'><strong>pudore</strong></span> <span class='ocrx_word' id='word_1_100' title='bbox 397 1529 465 1608; x_wconf 87' lang='lat' dir='ltr'><strong>alii,</strong></span> <span class='ocrx_word' id='word_1_101' title='bbox 488 1530 582 1594; x_wconf 90' lang='lat' dir='ltr'><strong>multi</strong></span> <span class='ocrx_word' id='word_1_102' title='bbox 606 1534 709 1614; x_wconf 87' lang='lat' dir='ltr'><strong>metu,</strong></span> <span class='ocrx_word' id='word_1_103' title='bbox 731 1533 764 1594; x_wconf 91' lang='lat' dir='ltr'><strong>et</strong></span> <span class='ocrx_word' id='word_1_104' title='bbox 786 1533 896 1594; x_wconf 88' lang='lat' dir='ltr'><strong>tamen</strong></span> <span class='ocrx_word' id='word_1_105' title='bbox 913 1552 1072 1612; x_wconf 81' lang='lat' dir='ltr'><strong>veremur,</strong></span> <span class='ocrx_word' id='word_1_106' title='bbox 1091 1532 1164 1595; x_wconf 57' lang='lat' dir='ltr'><strong>utar</strong></span> 
     </span>
     <span class='ocr_line' id='line_1_16' title="bbox 126 1610 1164 1702; baseline 0.001 -19"><span class='ocrx_word' id='word_1_107' title='bbox 126 1618 202 1698; x_wconf 88' lang='lat' dir='ltr'><strong>hoo,</strong></span> <span class='ocrx_word' id='word_1_108' title='bbox 231 1618 317 1702; x_wconf 89' lang='lat' dir='ltr'><strong>quod</strong></span> <span class='ocrx_word' id='word_1_109' title='bbox 341 1640 360 1681; x_wconf 88' lang='lat' dir='ltr'><strong>a</strong></span> <span class='ocrx_word' id='word_1_110' title='bbox 381 1620 450 1680; x_wconf 88' lang='lat' dir='ltr'><strong>tam</strong></span> <span class='ocrx_word' id='word_1_111' title='bbox 472 1617 583 1680; x_wconf 89' lang='lat' dir='ltr'><strong>multis</strong></span> <span class='ocrx_word' id='word_1_112' title='bbox 607 1622 640 1682; x_wconf 92' lang='lat' dir='ltr'><strong>et</strong></span> <span class='ocrx_word' id='word_1_113' title='bbox 661 1617 747 1702; x_wconf 90' lang='lat' dir='ltr'><strong>quod</strong></span> <span class='ocrx_word' id='word_1_114' title='bbox 768 1620 820 1681; x_wconf 88' lang='lat' dir='ltr'><strong>tot</strong></span> <span class='ocrx_word' id='word_1_115' title='bbox 842 1617 922 1682; x_wconf 86' lang='lat' dir='ltr'><strong>locis</strong></span> <span class='ocrx_word' id='word_1_116' title='bbox 945 1619 1121 1701; x_wconf 66' lang='lat' dir='ltr'><strong>perferatur,</strong></span> <span class='ocrx_word' id='word_1_117' title='bbox 1162 1610 1164 1653; x_wconf 71' lang='lat'>³</span> 
     </span>
     <span class='ocr_line' id='line_1_17' title="bbox 125 1703 1121 1789; baseline 0.002 -19"><span class='ocrx_word' id='word_1_118' title='bbox 125 1710 244 1771; x_wconf 87' lang='lat' dir='ltr'><strong>natura</strong></span> <span class='ocrx_word' id='word_1_119' title='bbox 264 1705 431 1789; x_wconf 79' lang='lat' dir='ltr'><strong>patiatur?</strong></span> <span class='ocrx_word' id='word_1_120' title='bbox 474 1703 537 1768; x_wconf 88' lang='lat' dir='ltr'><strong>Illa</strong></span> <span class='ocrx_word' id='word_1_121' title='bbox 558 1726 635 1770; x_wconf 81' lang='lat' dir='ltr'><strong>vero</strong></span> <span class='ocrx_word' id='word_1_122' title='bbox 656 1727 723 1770; x_wconf 86' lang='lat' dir='ltr'><strong>non</strong></span> <span class='ocrx_word' id='word_1_123' title='bbox 744 1705 840 1770; x_wconf 87' lang='lat' dir='ltr'><strong>modo</strong></span> <span class='ocrx_word' id='word_1_124' title='bbox 862 1706 1001 1789; x_wconf 85' lang='lat' dir='ltr'><strong>patitur,</strong></span> <span class='ocrx_word' id='word_1_125' title='bbox 1023 1725 1121 1772; x_wconf 79' lang='lat' dir='ltr'><strong>uerum</strong></span> 
     </span>
     <span class='ocr_line' id='line_1_18' title="bbox 125 1791 1164 1876; baseline 0.002 -18"><span class='ocrx_word' id='word_1_126' title='bbox 125 1795 224 1858; x_wconf 86' lang='lat' dir='ltr'><strong>etiam</strong></span> <span class='ocrx_word' id='word_1_127' title='bbox 251 1793 409 1876; x_wconf 78' lang='lat' dir='ltr'><strong>postulat3</strong></span> <span class='ocrx_word' id='word_1_128' title='bbox 436 1791 631 1856; x_wconf 82' lang='lat' dir='ltr'><strong>nihil&#39;euim</strong></span> <span class='ocrx_word' id='word_1_129' title='bbox 658 1792 758 1857; x_wconf 81' lang='lat' dir='ltr'><strong>habet</strong></span> <span class='ocrx_word' id='word_1_130' title='bbox 781 1793 1014 1876; x_wconf 81' lang='lat' dir='ltr'><strong>praestantius,</strong></span> <span class='ocrx_word' id='word_1_131' title='bbox 1041 1791 1122 1873; x_wconf 70' lang='lat' dir='ltr'><strong>null</strong></span> <span class='ocrx_word' id='word_1_132' title='bbox 1162 1838 1164 1859; x_wconf 74' lang='lat'>÷</span> 
     </span>
     <span class='ocr_line' id='line_1_19' title="bbox 124 1878 1164 1971; baseline 0 -26"><span class='ocrx_word' id='word_1_133' title='bbox 124 1882 211 1971; x_wconf 85' lang='lat' dir='ltr'><strong>quod</strong></span> <span class='ocrx_word' id='word_1_134' title='bbox 233 1880 338 1965; x_wconf 76' lang='lat' dir='ltr'><strong>magis</strong></span> <span class='ocrx_word' id='word_1_135' title='bbox 362 1883 491 1963; x_wconf 81' lang='lat' dir='ltr'><strong>expetat</strong></span> <span class='ocrx_word' id='word_1_136' title='bbox 513 1901 611 1962; x_wconf 87' lang='lat' dir='ltr'><strong>quam</strong></span> <span class='ocrx_word' id='word_1_137' title='bbox 632 1880 851 1963; x_wconf 76' lang='lat' dir='ltr'><strong>honestatem,</strong></span> <span class='ocrx_word' id='word_1_138' title='bbox 876 1901 976 1963; x_wconf 91' lang='lat' dir='ltr'><strong>quam</strong></span> <span class='ocrx_word' id='word_1_139' title='bbox 998 1881 1122 1959; x_wconf 75' lang='lat' dir='ltr'><strong>laudem,</strong></span> <span class='ocrx_word' id='word_1_140' title='bbox 1160 1878 1164 1915; x_wconf 73' lang='grc'><strong>’-</strong></span> 
     </span>
     <span class='ocr_line' id='line_1_20' title="bbox 125 1965 1150 2053; baseline -0.003 -21"><span class='ocrx_word' id='word_1_141' title='bbox 125 1990 223 2053; x_wconf 89' lang='lat' dir='ltr'><strong>quam</strong></span> <span class='ocrx_word' id='word_1_142' title='bbox 249 1968 456 2053; x_wconf 83' lang='lat' dir='ltr'><strong>dignitatem,</strong></span> <span class='ocrx_word' id='word_1_143' title='bbox 480 1989 581 2050; x_wconf 90' lang='lat' dir='ltr'><strong>quam</strong></span> <span class='ocrx_word' id='word_1_144' title='bbox 608 1967 712 2032; x_wconf 89' lang='lat' dir='ltr'><strong>decus.</strong></span> <span class='ocrx_word' id='word_1_145' title='bbox 762 1965 861 2032; x_wconf 81' lang='lat' dir='ltr'><strong>Hisce</strong></span> <span class='ocrx_word' id='word_1_146' title='bbox 891 1987 956 2052; x_wconf 76' lang='lat' dir='ltr'><strong>ego</strong></span> <span class='ocrx_word' id='word_1_147' title='bbox 986 1968 1150 2050; x_wconf 82' lang='lat' dir='ltr'><strong>pluribusa</strong></span> 
     </span>
     <span class='ocr_line' id='line_1_21' title="bbox 124 2055 1123 2140; baseline 0.001 -20"><span class='ocrx_word' id='word_1_148' title='bbox 124 2055 309 2120; x_wconf 76' lang='lat' dir='ltr'><strong>nominibus</strong></span> <span class='ocrx_word' id='word_1_149' title='bbox 327 2077 425 2119; x_wconf 86' lang='lat' dir='ltr'><strong>unam</strong></span> <span class='ocrx_word' id='word_1_150' title='bbox 443 2076 511 2118; x_wconf 87' lang='lat' dir='ltr'><strong>rem</strong></span> <span class='ocrx_word' id='word_1_151' title='bbox 529 2055 686 2119; x_wconf 85' lang='lat' dir='ltr'><strong>declarari</strong></span> <span class='ocrx_word' id='word_1_152' title='bbox 704 2055 788 2140; x_wconf 82' lang='lat' dir='ltr'><strong>volo,</strong></span> <span class='ocrx_word' id='word_1_153' title='bbox 807 2055 862 2120; x_wconf 87' lang='lat' dir='ltr'><strong>sed</strong></span> <span class='ocrx_word' id='word_1_154' title='bbox 879 2059 965 2137; x_wconf 88' lang='lat' dir='ltr'><strong>utor,</strong></span> <span class='ocrx_word' id='word_1_155' title='bbox 982 2060 1123 2140; x_wconf 78' lang='lat' dir='ltr'><strong>utquam</strong></span> 
     </span>
     <span class='ocr_line' id='line_1_22' title="bbox 126 2140 1122 2226; baseline 0 -20"><span class='ocrx_word' id='word_1_156' title='bbox 126 2143 276 2207; x_wconf 83' lang='lat' dir='ltr'><strong>maxime</strong></span> <span class='ocrx_word' id='word_1_157' title='bbox 289 2141 482 2226; x_wconf 78' lang='lat' dir='ltr'><strong>significem,</strong></span> <span class='ocrx_word' id='word_1_158' title='bbox 503 2142 659 2225; x_wconf 87' lang='lat' dir='ltr'><strong>pluribus.</strong></span> <span class='ocrx_word' id='word_1_159' title='bbox 695 2143 778 2208; x_wconf 91' lang='lat' dir='ltr'><strong>Volo</strong></span> <span class='ocrx_word' id='word_1_160' title='bbox 797 2146 906 2207; x_wconf 86' lang='lat' dir='ltr'><strong>autem</strong></span> <span class='ocrx_word' id='word_1_161' title='bbox 925 2142 1032 2210; x_wconf 84' lang='lat' dir='ltr'><strong>dicere</strong></span> <span class='ocrx_word' id='word_1_162' title='bbox 1051 2140 1122 2208; x_wconf 86' lang='lat' dir='ltr'><strong>illud</strong></span> 
     </span>
     <span class='ocr_line' id='line_1_23' title="bbox 125 2230 1124 2315; baseline 0.002 -22"><span class='ocrx_word' id='word_1_163' title='bbox 125 2230 251 2294; x_wconf 88' lang='lat' dir='ltr'><strong>homini</strong></span> <span class='ocrx_word' id='word_1_164' title='bbox 277 2230 373 2313; x_wconf 81' lang='lat' dir='ltr'><strong>longe</strong></span> <span class='ocrx_word' id='word_1_165' title='bbox 401 2233 569 2313; x_wconf 88' lang='lat' dir='ltr'><strong>optumum</strong></span> <span class='ocrx_word' id='word_1_166' title='bbox 596 2251 679 2313; x_wconf 85' lang='lat' dir='ltr'><strong>esse,</strong></span> <span class='ocrx_word' id='word_1_167' title='bbox 707 2231 791 2314; x_wconf 89' lang='lat' dir='ltr'><strong>quod</strong></span> <span class='ocrx_word' id='word_1_168' title='bbox 816 2231 924 2313; x_wconf 90' lang='lat' dir='ltr'><strong>ipsum</strong></span> <span class='ocrx_word' id='word_1_169' title='bbox 953 2231 997 2295; x_wconf 83' lang='lat' dir='ltr'><strong>sit</strong></span> <span class='ocrx_word' id='word_1_170' title='bbox 1020 2235 1124 2315; x_wconf 81' lang='lat' dir='ltr'><strong>optan-</strong></span> 
     </span>
     <span class='ocr_line' id='line_1_24' title="bbox 124 2317 1124 2401; baseline 0.004 -20"><span class='ocrx_word' id='word_1_171' title='bbox 124 2317 202 2381; x_wconf 93' lang='lat' dir='ltr'><strong>dum</strong></span> <span class='ocrx_word' id='word_1_172' title='bbox 224 2338 283 2401; x_wconf 88' lang='lat' dir='ltr'><strong>per</strong></span> <span class='ocrx_word' id='word_1_173' title='bbox 308 2338 357 2399; x_wconf 87' lang='lat' dir='ltr'><strong>se,</strong></span> <span class='ocrx_word' id='word_1_174' title='bbox 384 2339 403 2380; x_wconf 89' lang='lat' dir='ltr'><strong>a</strong></span> <span class='ocrx_word' id='word_1_175' title='bbox 430 2317 549 2381; x_wconf 84' lang='lat' dir='ltr'><strong>virtute</strong></span> <span class='ocrx_word' id='word_1_176' title='bbox 574 2317 755 2400; x_wconf 81' lang='lat' dir='ltr'><strong>profectum</strong></span> <span class='ocrx_word' id='word_1_177' title='bbox 781 2319 833 2382; x_wconf 90' lang='lat' dir='ltr'><strong>vel</strong></span> <span class='ocrx_word' id='word_1_178' title='bbox 862 2318 897 2383; x_wconf 91' lang='lat' dir='ltr'><strong>in</strong></span> <span class='ocrx_word' id='word_1_179' title='bbox 918 2318 993 2400; x_wconf 85' lang='lat' dir='ltr'><strong>ipsa</strong></span> <span class='ocrx_word' id='word_1_180' title='bbox 1015 2319 1124 2385; x_wconf 55' lang='lat' dir='ltr'><strong>arua</strong></span> 
     </span>
     <span class='ocr_line' id='line_1_25' title="bbox 125 2405 1152 2489; baseline -0.003 -20"><span class='ocrx_word' id='word_1_181' title='bbox 125 2405 238 2488; x_wconf 89' lang='lat' dir='ltr'><strong>situm,</strong></span> <span class='ocrx_word' id='word_1_182' title='bbox 274 2426 333 2469; x_wconf 84' lang='lat' dir='ltr'><strong>sua</strong></span> <span class='ocrx_word' id='word_1_183' title='bbox 370 2408 487 2487; x_wconf 85' lang='lat' dir='ltr'><strong>sponte</strong></span> <span class='ocrx_word' id='word_1_184' title='bbox 528 2405 702 2488; x_wconf 87' lang='lat' dir='ltr'><strong>laudabile,</strong></span> <span class='ocrx_word' id='word_1_185' title='bbox 743 2405 828 2489; x_wconf 89' lang='lat' dir='ltr'><strong>quod</strong></span> <span class='ocrx_word' id='word_1_186' title='bbox 868 2405 998 2487; x_wconf 87' lang='lat' dir='ltr'><strong>quidem</strong></span> <span class='ocrx_word' id='word_1_187' title='bbox 1039 2405 1152 2473; x_wconf 73' lang='lat' dir='ltr'><strong>uuae</strong></span> 
     </span>
     <span class='ocr_line' id='line_1_26' title="bbox 124 2493 1124 2576; baseline -0.003 -18"><span class='ocrx_word' id='word_1_188' title='bbox 124 2493 260 2558; x_wconf 85' lang='lat' dir='ltr'><strong>dixerim</strong></span> <span class='ocrx_word' id='word_1_189' title='bbox 283 2493 390 2556; x_wconf 88' lang='lat' dir='ltr'><strong>solum</strong></span> <span class='ocrx_word' id='word_1_190' title='bbox 411 2513 509 2574; x_wconf 90' lang='lat' dir='ltr'><strong>quam</strong></span> <span class='ocrx_word' id='word_1_191' title='bbox 530 2513 776 2557; x_wconf 85' lang='lat' dir='ltr'><strong>nonsummum</strong></span> <span class='ocrx_word' id='word_1_192' title='bbox 798 2493 929 2558; x_wconf 89' lang='lat' dir='ltr'><strong>bonum.</strong></span> <span class='ocrx_word' id='word_1_193' title='bbox 967 2493 1075 2576; x_wconf 80' lang='lat' dir='ltr'><strong>Atque</strong></span> <span class='ocrx_word' id='word_1_194' title='bbox 1094 2494 1124 2555; x_wconf 80' lang='lat' dir='ltr'><strong>ut</strong></span> 
     </span>
     <span class='ocr_line' id='line_1_27' title="bbox 123 2579 1124 2663; baseline 0.002 -19"><span class='ocrx_word' id='word_1_195' title='bbox 123 2581 204 2646; x_wconf 85' lang='lat' dir='ltr'><strong>haec</strong></span> <span class='ocrx_word' id='word_1_196' title='bbox 235 2581 274 2644; x_wconf 89' lang='lat' dir='ltr'><strong>de</strong></span> <span class='ocrx_word' id='word_1_197' title='bbox 306 2579 459 2662; x_wconf 88' lang='lat' dir='ltr'><strong>honesto,</strong></span> <span class='ocrx_word' id='word_1_198' title='bbox 489 2580 536 2643; x_wconf 87' lang='lat' dir='ltr'><strong>sic</strong></span> <span class='ocrx_word' id='word_1_199' title='bbox 562 2580 601 2643; x_wconf 93' lang='lat' dir='ltr'><strong>de</strong></span> <span class='ocrx_word' id='word_1_200' title='bbox 633 2581 720 2663; x_wconf 90' lang='lat' dir='ltr'><strong>turpi</strong></span> <span class='ocrx_word' id='word_1_201' title='bbox 750 2580 927 2662; x_wconf 69' lang='lat' dir='ltr'><strong>corbaria,</strong></span> <span class='ocrx_word' id='word_1_202' title='bbox 952 2580 1038 2645; x_wconf 77' lang='lat' dir='ltr'><strong>nihil</strong></span> <span class='ocrx_word' id='word_1_203' title='bbox 1065 2584 1124 2646; x_wconf 84' lang='lat' dir='ltr'><strong>tau</strong></span> 
     </span>
     <span class='ocr_line' id='line_1_28' title="bbox 124 2666 1123 2818; baseline 0 -87"><span class='ocrx_word' id='word_1_204' title='bbox 124 2670 279 2818; x_wconf 54' lang='lat' dir='ltr'><strong>plectrum,</strong></span> <span class='ocrx_word' id='word_1_205' title='bbox 310 2666 393 2732; x_wconf 88' lang='lat' dir='ltr'><strong>nihil</strong></span> <span class='ocrx_word' id='word_1_206' title='bbox 424 2671 493 2730; x_wconf 86' lang='lat' dir='ltr'><strong>tam</strong></span> <span class='ocrx_word' id='word_1_207' title='bbox 527 2668 775 2752; x_wconf 84' lang='lat' dir='ltr'><strong>aspernandum,</strong></span> <span class='ocrx_word' id='word_1_208' title='bbox 806 2666 890 2731; x_wconf 86' lang='lat' dir='ltr'><strong>nihil</strong></span> <span class='ocrx_word' id='word_1_209' title='bbox 921 2667 1055 2733; x_wconf 90' lang='lat' dir='ltr'><strong>homine</strong></span> <span class='ocrx_word' id='word_1_210' title='bbox 1084 2668 1123 2731; x_wconf 83' lang='lat' dir='ltr'><strong>iu·</strong></span> 
     </span>
     <span class='ocr_line' id='line_1_29' title="bbox 147 2777 265 2820; baseline 0.034 -4"><span class='ocrx_word' id='word_1_211' title='bbox 147 2777 158 2816; x_wconf 96' lang='lat'>1</span> <span class='ocrx_word' id='word_1_212' title='bbox 218 2777 265 2820; x_wconf 86' lang='lat' dir='ltr'><strong>us.</strong></span> 
     </span>
     <span class='ocr_line' id='line_1_30' title="bbox 70 2774 1151 2926; baseline -0.001 -25"><span class='ocrx_word' id='word_1_213' title='bbox 70 2853 105 2901; x_wconf 77' lang='lat'><strong>47</strong></span> <span class='ocrx_word' id='word_1_214' title='bbox 159 2774 284 2918; x_wconf 58' lang='lat' dir='ltr'><strong>gn(duod</strong></span> <span class='ocrx_word' id='word_1_215' title='bbox 307 2842 335 2905; x_wconf 84' lang='lat' dir='ltr'><strong>si</strong></span> <span class='ocrx_word' id='word_1_216' title='bbox 357 2842 418 2905; x_wconf 88' lang='lat' dir='ltr'><strong>tibi</strong></span> <span class='ocrx_word' id='word_1_217' title='bbox 441 2863 629 2925; x_wconf 88' lang='lat' dir='ltr'><strong>persuasum</strong></span> <span class='ocrx_word' id='word_1_218' title='bbox 651 2846 701 2905; x_wconf 86' lang='lat' dir='ltr'><strong>est</strong></span> <span class='ocrx_word' id='word_1_219' title='bbox 724 2840 896 2926; x_wconf 91' lang='lat' dir='ltr'><strong>(principio</strong></span> <span class='ocrx_word' id='word_1_220' title='bbox 915 2843 1003 2908; x_wconf 89' lang='lat' dir='ltr'><strong>enim</strong></span> <span class='ocrx_word' id='word_1_221' title='bbox 1026 2839 1151 2907; x_wconf 78' lang='lat' dir='ltr'><strong>dixistis</strong></span> 
     </span>
     <span class='ocr_line' id='line_1_31' title="bbox 85 2927 1123 3016; baseline 0.003 -25"><span class='ocrx_word' id='word_1_222' title='bbox 85 2985 87 2990; x_wconf 93' lang='lat'><em>.</em></span> <span class='ocrx_word' id='word_1_223' title='bbox 125 2928 197 3011; x_wconf 89' lang='lat' dir='ltr'><strong>plus</strong></span> <span class='ocrx_word' id='word_1_224' title='bbox 216 2928 251 2992; x_wconf 90' lang='lat' dir='ltr'><strong>in</strong></span> <span class='ocrx_word' id='word_1_225' title='bbox 269 2929 420 2993; x_wconf 78' lang='lat' dir='ltr'><strong>dedecore</strong></span> <span class='ocrx_word' id='word_1_226' title='bbox 439 2930 520 2993; x_wconf 86' lang='lat' dir='ltr'><strong>mali</strong></span> <span class='ocrx_word' id='word_1_227' title='bbox 540 2930 602 2993; x_wconf 90' lang='lat' dir='ltr'><strong>tibi</strong></span> <span class='ocrx_word' id='word_1_228' title='bbox 620 2930 722 2994; x_wconf 84' lang='lat' dir='ltr'><strong>uideri</strong></span> <span class='ocrx_word' id='word_1_229' title='bbox 740 2951 836 3013; x_wconf 86' lang='lat' dir='ltr'><strong>quum</strong></span> <span class='ocrx_word' id='word_1_230' title='bbox 852 2930 889 2993; x_wconf 89' lang='lat' dir='ltr'><strong>in</strong></span> <span class='ocrx_word' id='word_1_231' title='bbox 907 2927 1044 3016; x_wconf 85' lang='lat' dir='ltr'><strong>dolore),</strong></span> <span class='ocrx_word' id='word_1_232' title='bbox 1061 2928 1123 2995; x_wconf 84' lang='lat' dir='ltr'><strong>reli·</strong></span> 
     </span>
     <span class='ocr_line' id='line_1_32' title="bbox 125 3015 1122 3102; baseline 0.002 -24"><span class='ocrx_word' id='word_1_233' title='bbox 125 3036 223 3098; x_wconf 89' lang='lat' dir='ltr'><strong>quum</strong></span> <span class='ocrx_word' id='word_1_234' title='bbox 241 3020 305 3097; x_wconf 88' lang='lat' dir='ltr'><strong>est,</strong></span> <span class='ocrx_word' id='word_1_235' title='bbox 326 3019 365 3079; x_wconf 88' lang='lat' dir='ltr'><strong>ut</strong></span> <span class='ocrx_word' id='word_1_236' title='bbox 386 3020 456 3081; x_wconf 90' lang='lat' dir='ltr'><strong>tute</strong></span> <span class='ocrx_word' id='word_1_237' title='bbox 473 3018 536 3081; x_wconf 89' lang='lat' dir='ltr'><strong>tibi</strong></span> <span class='ocrx_word' id='word_1_238' title='bbox 554 3018 705 3102; x_wconf 70' lang='lat' dir='ltr'><strong>imperes,</strong></span> <span class='ocrx_word' id='word_1_239' title='bbox 728 3039 922 3101; x_wconf 86' lang='lat' dir='ltr'><strong>quamquam</strong></span> <span class='ocrx_word' id='word_1_240' title='bbox 944 3017 1007 3084; x_wconf 83' lang='lat' dir='ltr'><strong>hoc</strong></span> <span class='ocrx_word' id='word_1_241' title='bbox 1023 3015 1122 3083; x_wconf 77' lang='lat' dir='ltr'><strong>nescio</strong></span> 
     </span>
     <span class='ocr_line' id='line_1_33' title="bbox 125 3101 1122 3188; baseline 0.005 -21"><span class='ocrx_word' id='word_1_242' title='bbox 125 3124 187 3188; x_wconf 87' lang='lat' dir='ltr'><strong>quo</strong></span> <span class='ocrx_word' id='word_1_243' title='bbox 212 3101 307 3167; x_wconf 92' lang='lat' dir='ltr'><strong>modo</strong></span> <span class='ocrx_word' id='word_1_244' title='bbox 331 3102 461 3186; x_wconf 89' lang='lat' dir='ltr'><strong>dicitur,</strong></span> <span class='ocrx_word' id='word_1_245' title='bbox 484 3105 577 3187; x_wconf 89' lang='lat' dir='ltr'><strong>quasi</strong></span> <span class='ocrx_word' id='word_1_246' title='bbox 600 3105 663 3169; x_wconf 93' lang='lat' dir='ltr'><strong>duo</strong></span> <span class='ocrx_word' id='word_1_247' title='bbox 686 3105 801 3188; x_wconf 88' lang='lat' dir='ltr'><strong>simus,</strong></span> <span class='ocrx_word' id='word_1_248' title='bbox 822 3107 861 3170; x_wconf 88' lang='lat' dir='ltr'><strong>ut</strong></span> <span class='ocrx_word' id='word_1_249' title='bbox 884 3105 967 3169; x_wconf 89' lang='lat' dir='ltr'><strong>alter</strong></span> <span class='ocrx_word' id='word_1_250' title='bbox 988 3105 1122 3188; x_wconf 68' lang='lat' dir='ltr'><strong>imperet</strong></span> 
     </span>
     <span class='ocr_line' id='line_1_34' title="bbox 71 3187 1120 3274; baseline 0.005 -21"><span class='ocrx_word' id='word_1_251' title='bbox 71 3195 113 3258; x_wconf 81' lang='grc'><strong>21</strong></span> <span class='ocrx_word' id='word_1_252' title='bbox 126 3190 207 3254; x_wconf 87' lang='lat' dir='ltr'><strong>alter</strong></span> <span class='ocrx_word' id='word_1_253' title='bbox 238 3193 364 3274; x_wconf 80' lang='lat' dir='ltr'><strong>pareat3</strong></span> <span class='ocrx_word' id='word_1_254' title='bbox 395 3211 462 3255; x_wconf 87' lang='lat' dir='ltr'><strong>non</strong></span> <span class='ocrx_word' id='word_1_255' title='bbox 492 3191 607 3256; x_wconf 89' lang='lat' dir='ltr'><strong>inscite</strong></span> <span class='ocrx_word' id='word_1_256' title='bbox 620 3196 748 3263; x_wconf 66' lang='lat' dir='ltr'><strong>„tamen</strong></span> <span class='ocrx_word' id='word_1_257' title='bbox 780 3192 906 3263; x_wconf 85' lang='lat' dir='ltr'><strong>dicitur.</strong></span> <span class='ocrx_word' id='word_1_258' title='bbox 955 3187 1019 3259; x_wconf 73' lang='lat' dir='ltr'><strong>usa</strong></span> <span class='ocrx_word' id='word_1_259' title='bbox 1047 3190 1120 3258; x_wconf 71' lang='lat' dir='ltr'><strong>euim</strong></span> 
     </span>
     <span class='ocr_line' id='line_1_35' title="bbox 124 3275 1145 3364; baseline 0 -22"><span class='ocrx_word' id='word_1_260' title='bbox 124 3278 252 3342; x_wconf 86' lang='lat' dir='ltr'><strong>animus</strong></span> <span class='ocrx_word' id='word_1_261' title='bbox 271 3277 306 3341; x_wconf 92' lang='lat' dir='ltr'><strong>in</strong></span> <span class='ocrx_word' id='word_1_262' title='bbox 324 3278 427 3361; x_wconf 84' lang='lat' dir='ltr'><strong>partis</strong></span> <span class='ocrx_word' id='word_1_263' title='bbox 446 3277 587 3344; x_wconf 90' lang='lat' dir='ltr'><strong>tributus</strong></span> <span class='ocrx_word' id='word_1_264' title='bbox 604 3279 698 3362; x_wconf 87' lang='lat' dir='ltr'><strong>duas,</strong></span> <span class='ocrx_word' id='word_1_265' title='bbox 721 3302 856 3364; x_wconf 86' lang='lat' dir='ltr'><strong>quarum</strong></span> <span class='ocrx_word' id='word_1_266' title='bbox 875 3275 1145 3345; x_wconf 65' lang='lat' dir='ltr'><strong>altereationes</strong></span> 
     </span>
     <span class='ocr_line' id='line_1_36' title="bbox 124 3365 1119 3452; baseline 0.001 -24"><span class='ocrx_word' id='word_1_267' title='bbox 124 3368 176 3428; x_wconf 88' lang='lat' dir='ltr'><strong>est</strong></span> <span class='ocrx_word' id='word_1_268' title='bbox 197 3366 373 3450; x_wconf 84' lang='lat' dir='ltr'><strong>particeps,</strong></span> <span class='ocrx_word' id='word_1_269' title='bbox 401 3367 503 3430; x_wconf 87' lang='lat' dir='ltr'><strong>altera</strong></span> <span class='ocrx_word' id='word_1_270' title='bbox 526 3387 648 3449; x_wconf 84' lang='lat' dir='ltr'><strong>expers.</strong></span> <span class='ocrx_word' id='word_1_271' title='bbox 699 3365 782 3432; x_wconf 86' lang='lat' dir='ltr'><strong>Oum</strong></span> <span class='ocrx_word' id='word_1_272' title='bbox 803 3368 904 3452; x_wconf 79' lang='lat' dir='ltr'><strong>igitur</strong></span> <span class='ocrx_word' id='word_1_273' title='bbox 926 3367 1119 3450; x_wconf 85' lang='lat' dir='ltr'><strong>praecipitur,</strong></span> 
     </span>
     <span class='ocr_line' id='line_1_37' title="bbox 122 3449 1118 3540; baseline -0.001 -24"><span class='ocrx_word' id='word_1_274' title='bbox 122 3455 160 3516; x_wconf 91' lang='lat' dir='ltr'><strong>ut</strong></span> <span class='ocrx_word' id='word_1_275' title='bbox 175 3454 340 3520; x_wconf 86' lang='lat' dir='ltr'><strong>nobismet</strong></span> <span class='ocrx_word' id='word_1_276' title='bbox 357 3454 437 3540; x_wconf 88' lang='lat' dir='ltr'><strong>ipsis</strong></span> <span class='ocrx_word' id='word_1_277' title='bbox 456 3455 663 3538; x_wconf 88' lang='lat' dir='ltr'><strong>imperemus,</strong></span> <span class='ocrx_word' id='word_1_278' title='bbox 680 3455 744 3520; x_wconf 85' lang='lat' dir='ltr'><strong>hoc</strong></span> <span class='ocrx_word' id='word_1_279' title='bbox 759 3454 971 3539; x_wconf 85' lang='lat' dir='ltr'><strong>praecipitur,</strong></span> <span class='ocrx_word' id='word_1_280' title='bbox 993 3458 1033 3521; x_wconf 92' lang='lat' dir='ltr'><strong>ut</strong></span> <span class='ocrx_word' id='word_1_281' title='bbox 1048 3449 1118 3517; x_wconf 80' lang='lat' dir='ltr'><strong>ratio</strong></span> 
     </span>
    </p>
   </div>
   <div class='ocr_carea' id='block_1_3' title="bbox 0 0 1178 3876">
    <p class='ocr_par' dir='ltr' id='par_1_3' title="bbox 0 0 1178 3876">
     <span class='ocr_line' id='line_1_38' title="bbox 0 0 1178 3876; baseline 0 1"><span class='ocrx_word' id='word_1_282' title='bbox 0 0 1178 3876; x_wconf 95' lang='lat' dir='ltr'><strong> </strong></span> 
     </span>
    </p>
   </div>
  </div>
 </body>
</html>
