2346 3876
101 189 168 253 454
297 186 594 244 TUSCULANARUM
611 185 918 242 DISPUTATIONUM

101 350 295 415 tractatione
313 349 414 414 libere
434 349 539 413 dicere
557 347 712 413 auderent
729 348 887 431 sapientis
903 370 974 414 esse
989 370 1104 433 semper

102 438 322 519 beatissimos,
351 437 385 501 id
414 436 512 501 velim
541 435 663 516 audire,
697 457 793 520 quem
823 437 864 500 ad
898 437 1031 502 modum
1060 437 1103 501 his

102 529 196 610 putes
220 527 468 590 consentaneum
492 545 561 588 esse
584 524 618 587 id
641 523 755 588 dicere.
797 522 907 588 Multa
929 527 1017 589 enim
1039 529 1104 590 ate

103 617 216 679 contra
229 614 327 677 istam
342 611 535 676 sententiam
550 611 636 677 dicta
651 614 727 676 sunt
739 614 774 675 et
787 608 975 678 Stoicorum
987 613 1103 678 ratione

103 702 263 766 conclusa.
1111 725 1121 766 r

49 801 83 850 83
168 790 217 855 M.
238 788 380 854 Utamur
396 788 497 873 igitur
515 788 675 872 libertate,
693 810 757 873 qua
774 789 871 854 nohis
891 790 977 877 solis
991 790 1026 855 in
1042 789 1103 874 phi·

101 877 251 960 losophia
277 878 355 942 licet
380 877 443 958 uti,
471 897 607 961 quorum
634 878 738 941 oratio
764 876 847 942 nihil
878 877 953 962 ipsa
984 878 1103 960 iudicat,

103 964 159 1029 sed
185 964 324 1029 habetur
350 964 385 1028 in
412 964 517 1029 omnis
544 964 659 1048 partis,
686 967 724 1029 ut
745 964 787 1028 ab
811 965 884 1028 aliis
912 966 1022 1048 possit
1041 968 1104 1049 ipsa

101 1073 160 1135 per
193 1073 262 1117 sese
298 1052 421 1116 nullius
454 1051 645 1117 auctoritate
681 1051 833 1117 adiuncta
863 1051 1013 1118 iudicari.
1066 1051 1104 1117 Ilt

102 1139 254 1221 quoniam
287 1139 406 1203 viderie
438 1138 502 1203 hoc
532 1140 626 1222 velle,
658 1143 708 1222 ut,
738 1159 960 1225 quaecumque
992 1141 1135 1206 diesen-rc

101 1226 252 1290 tientium
270 1224 539 1308 philosophorum
555 1226 716 1292 sententia
735 1227 779 1292 sit
796 1227 836 1292 de
853 1228 985 1311 finibus,
1003 1233 1104 1294 tamen

101 1314 202 1378 virtus
227 1313 306 1377 satis
333 1312 454 1376 habeat
476 1314 518 1379 ad
547 1315 648 1379 vitam
675 1315 805 1381 beatam
831 1316 1003 1400 praesidii,
1029 1316 1104 1402 quod

101 1400 231 1486 quidem
255 1399 453 1467 Carneadem
479 1401 645 1486 disputare
669 1402 802 1467 solitum
830 1404 1030 1489 accepimus3
1056 1402 1105 1469 scd

100 1491 144 1567 is,
171 1494 208 1555 ut
234 1493 348 1554 contra
375 1487 514 1573 Stoicos,
541 1512 623 1575 quos
652 1489 886 1555 studiosissime
914 1512 1042 1575 semper
1062 1513 1105 1555 re

102 1578 247 1661 sellebat,
276 1581 309 1641 et
331 1581 443 1642 contra
466 1599 603 1661 quorum
625 1577 828 1660 disciplinam
850 1578 1023 1664 ingenium
1044 1580 1136 1643 eiusu

102 1669 278 1750 exarserat,
309 1686 369 1729 nos
401 1665 530 1750 quidem
561 1665 643 1730 illud
675 1687 747 1730 cum
777 1687 857 1748 pace
889 1687 1034 1751 agemus.
1076 1665 1106 1731 Si

102 1754 187 1817 enim
216 1752 315 1818 Stoici
341 1753 416 1817 finis
443 1754 601 1817 bonorum
623 1757 712 1818 recte
733 1753 936 1837 posiverunt,
966 1754 1107 1820 confecta

101 1861 152 1905 res
181 1844 244 1905 est:
270 1861 400 1905 necesse
428 1843 478 1905 est
504 1862 629 1925 semper
658 1841 792 1923 beatum
819 1861 890 1905 esse
922 1843 1106 1926 sapientem.

49 1939 83 1988 84
102 1926 165 1993 Sed
184 1950 376 2013 quaeramus
394 1950 491 1993 unam
510 1950 669 2012 quamque
687 1929 887 2012 reliquorum
905 1931 1106 2011 sententiam,

103 2017 131 2079 si
162 2017 233 2080 fieri
264 2019 386 2099 potest,
418 2020 455 2081 ut
485 2015 548 2080 hoc
579 2016 781 2098 praeclarum
818 2017 911 2100 quasi
948 2017 1138 2083 decretumst

101 2105 214 2167 beatae
228 2104 326 2204 'vitae
354 2104 460 2186 possit
491 2103 634 2168 omnium
667 2103 835 2168 sententiis
865 2107 899 2168 et
932 2104 1104 2190 disciplinis

84 2210 280 2259 ‚convenire

49 2274 92 2338 30
169 2276 251 2342 Sunt
278 2281 385 2342 autem
413 2278 493 2342 haec
515 2277 554 2342 de
578 2278 710 2361 finibus,
740 2282 778 2342 ut
808 2278 938 2364 opinor,
968 2283 1107 2346 retentae

101 2365 313 2450 defensaeque
349 2365 543 2430 sententiae:
579 2366 719 2449 primum
753 2365 917 2449 simplices
951 2373 1124 2452 quattuor,-

100 2455 185 2519 nihil
217 2456 338 2519 bonum
369 2453 433 2518 nisi
459 2453 643 2536 honestum,
670 2457 708 2518 ut
735 2451 850 2536 Stoici,
876 2454 961 2519 nihil
991 2457 1138 2522 bonumu

100 2543 165 2606 uisi
187 2542 401 2626 voluptatem,
423 2544 461 2606 ut
479 2541 652 2624 Epicurus,
674 2541 757 2605 nihil
779 2541 901 2606 bonum
923 2542 989 2607 nisi
1007 2543 1107 2608 vacui·

101 2632 203 2694 tatem
230 2631 356 2713 dalaia,
387 2633 424 2693 ut
450 2627 683 2712 Hieronymus,
709 2628 794 2692 nihil,
818 2629 941 2694 bonum
968 2631 1036 2695 nisi
1057 2653 1107 2694 na·

101 2721 193 2780 turae
216 2717 330 2800 primis
348 2716 448 2868 pppis
473 2719 529 2780 aut
547 2716 697 2780 omnibus
720 2719 777 2780 aut
796 2717 957 2781 maxumis
980 2718 1055 2801 frui,
1075 2720 1109 2781 ut

102 2802 281 2869 Carneades
301 2825 361 2868 con
394 2826 413 2868 a
431 2801 556 2868 Stoicos
580 2803 765 2868 disserebat.
801 2802 890 2868 Haec
910 2804 1015 2889 igitur
1037 2806 1107 2869 sim·

49 2909 83 2958 85
102 2890 210 2975 plicia,
228 2891 286 2954 illa
305 2893 419 2955 mixta:
438 2890 502 2955 tria
519 2911 638 2976 genera
651 2893 818 2974 bonorum,
837 2912 990 2957 maxuma
1005 2891 1108 2974 animi,
1119 2914 1141 2955 a

102 2977 240 3042 secunda
268 2978 424 3059 corporis,
451 2981 584 3042 externa
609 2979 722 3062 tertia,
750 2981 788 3042 ut
814 2976 1026 3062 Peripatetici
1053 3000 1108 3045 nec

99 3065 204 3130 multo
231 3067 354 3129 veteres
382 3063 568 3130 Academici
596 3087 701 3149 secus3
728 3066 928 3150 voluptatem
956 3089 1032 3133 cum
1055 3067 1108 3132 ho

101 3155 227 3217 nestate
245 3150 467 3216 Dinomachus
486 3155 520 3216 ct
537 3150 687 3237 Callipho
705 3153 879 3237 copulavit,
896 3153 1108 3221 indolentiam

103 3243 212 3304 autem
229 3238 393 3303 honestati
410 3238 646 3323 Peripateticus
664 3240 826 3306 Diodorus
845 3241 1004 3309 adiunxit.
1041 3244 1109 3309 Hae

49 3367 52 3371 -
103 3329 177 3392 sunt
195 3327 388 3409 sententiae,
406 3347 487 3411 quae
506 3329 693 3394 stabilitatis
713 3328 834 3412 aliquid
854 3327 1015 3415 habeant3
1037 3353 1110 3396 nam
1122 3351 1144 3395 u

101 3414 280 3497 Aristonis,
303 3414 496 3498 Pyrrhonis,
518 3415 614 3481 Erilli
636 3438 703 3482 non
725 3417 951 3501 nullorumque
975 3419 1111 3484 aliorum

93 3506 307 3572 evanuerunt.
340 3501 386 3572 Hi
399 3501 478 3590 quid
490 3504 620 3591 possint
632 3504 789 3587 obtinere,
798 3503 967 3570 rideamus
981 3507 1111 3573 omissis
