2346 3876
268 152 335 206 ΜΒ.
355 153 401 206 111.
430 151 506 206 GAP.
526 159 572 222 27,
592 159 634 208 aa.
663 159 678 218 s
698 159 819 211 os-ro.
985 156 1049 220 383

34 315 162 400 suscipi
187 317 292 399 aegrrt
269 314 422 378 'tudinem
440 313 538 378 confit
525 314 730 380 ttendum
680 319 738 380 est.
774 316 874 399 quue
891 317 1012 382 indicat
998 321 1051 382 tur
1069 341 1101 390 er

34 427 151 471 eorum
178 403 351 487 patientia,
377 403 433 487 qui
461 423 533 466 oum
555 403 707 466 multa
681 407 748 467 srnt
773 425 868 486 saepe
898 407 1051 505 perpessi,

34 492 169 558 facilius
183 490 301 573 ferunt,
319 489 471 574 quicquid
485 490 609 568 accidit,
628 490 907 576 obduruisseque
898 515 963 559 ianr
981 515 1050 558 sese

34 585 156 646 contra
178 578 345 643 fortunam
369 579 582 682 arbitrantur,
604 578 720 643 utillo
743 579 828 662 apud
849 579 1050 663 Euripidem:

82 702 124 767 Si
149 699 244 765 mihi
265 723 364 765 nune
386 701 517 765 tristis
541 699 702 784 primum
725 701 933 766 inluxisset
956 702 1050 786 dies,

80 790 163 854 Nec
186 793 265 853 tam
289 791 517 852 aerumnoso
541 789 828 872 navigavissem
853 791 948 873 salo,

80 877 202 941 Esset
225 876 380 940 dolendi
403 881 531 958 carisa,
555 880 596 939 ut
618 877 762 941 iniecto
786 878 909 941 eculei

81 965 208 1029 Frend
231 967 389 1047 repente
412 965 521 1026 tactu
544 965 794 1048 exagitantur
818 987 929 1048 nov03

83 1050 160 1116 Sed
183 1052 259 1115 iam
282 1052 466 1116 subactus
490 1049 659 1115 miseriis
683 1054 873 1137 obtorpui.

35 1177 240 1276 Defetigatio
263 1191 364 1275 igitur
386 1192 589 1255 miseriarum
613 1193 830 1277 aegritudines
854 1215 926 1259 oum
952 1193 1051 1259 faciat

35 1281 193 1361 leniores,
218 1279 363 1363 intellegi
386 1301 517 1344 necesse
541 1283 591 1343 est
612 1302 678 1344 non
699 1303 768 1344 rem
790 1283 896 1364 ipsam
919 1304 1050 1348 causam

37 1373 138 1451 atque
169 1367 295 1432 fontem
327 1389 396 1431 esse
424 1369 587 1432 maeroris.
632 1368 823 1451 Philosophi
851 1372 967 1434 summi
995 1393 1048 1434 ne·
1068 1391 1102 1440 os

36 1455 179 1542 quedum
202 1457 313 1519 tamen
331 1456 525 1538 sapientiam
545 1456 709 1519 consecuti
727 1477 833 1520 nonno
855 1457 1050 1541 intellegunt

36 1545 71 1608 in
90 1564 218 1626 summo
238 1565 272 1607 se
290 1543 375 1608 malo
395 1543 486 1607 esse?
523 1542 605 1607 Sunt
623 1544 708 1607 enim
726 1543 929 1627 insipientes,
948 1567 1050 1629 neque
1090 1595 1094 1601 .

37 1631 230 1714 insipientia
265 1631 368 1695 ullum
402 1631 506 1696 maius
542 1631 664 1695 malum
701 1636 764 1713 est3
800 1651 903 1714 neque
939 1635 1050 1696 tamen

35 1720 161 1804 lugent.
208 1718 292 1794 Quid
324 1719 392 1782 ita?
439 1718 521 1795 Quia
552 1719 626 1783 huic
653 1719 762 1802 generi
793 1720 951 1784 malorum
983 1742 1049 1784 non

38 1806 216 1891 adfingitur
243 1806 302 1870 illa
330 1806 452 1890 opinio,
479 1810 602 1871 rectum
629 1827 699 1870 esso
727 1811 759 1870 et
786 1828 923 1890 aequum
953 1808 1049 1872 etad

37 1894 184 1960 officium
211 1895 372 1977 pertinere
397 1915 491 1978 aegre
513 1894 610 1978 ferre,
638 1893 723 1977 quod
753 1895 883 1995 sapiens
905 1916 972 1959 non
994 1897 1049 1974 sis,

37 1983 126 2069 quod
149 1981 234 2045 idem
259 1982 451 2082 adfingimus
474 1982 549 2046 huic
568 1981 810 2068 aegritudini,
800 2004 834 2045 rn
857 2005 920 2066 qua
942 1983 1048 2047 luctus

37 2072 140 2153 inest,
164 2091 245 2153 quae
269 2070 412 2134 omnium
435 2092 586 2133 maxuma
615 2073 673 2134 est.
719 2070 832 2154 Itaque
854 2070 947 2134 Arist
932 2072 1048 2135 toteles
1068 2092 1101 2140 69

37 2162 164 2222 veteres
182 2156 394 2240 philosophos
416 2179 582 2241 accusans,
605 2159 660 2241 qui
683 2158 956 2223 existimavissent
977 2159 1049 2242 phi-

36 2245 224 2329 losophiam
252 2246 318 2309 suis
345 2245 484 2329 ingeniis
512 2267 581 2309 esse
608 2245 796 2328 perfectam,
829 2247 875 2309 ait
907 2268 961 2310 eos
993 2252 1049 2311 aut

38 2333 252 2398 stultissimos
280 2336 337 2397 aut
364 2333 618 2416 gloriosissimos
644 2333 757 2416 fuisse,
787 2333 843 2397 sed
870 2355 903 2397 se
932 2334 1050 2415 videre,

39 2421 127 2505 quod
153 2421 266 2503 paucis
291 2420 383 2485 annis
410 2441 528 2505 magna
552 2420 690 2484 accessio
718 2420 807 2484 facta
831 2423 930 2504 essct,
958 2422 1049 2485 brevi

38 2513 185 2592 tempore
212 2508 453 2592 philosophiam
480 2508 574 2591 plane
603 2507 786 2572 absolutam
818 2507 896 2572 fore.
947 2507 1049 2572 Theo·

36 2597 192 2680 phrastus
224 2600 333 2666 autem
364 2597 505 2661 moriens
538 2617 704 2660 accusasse
739 2600 891 2673 naturam
924 2595 1049 2675 dicitur,

38 2683 126 2768 quod
153 2683 257 2748 cervis
286 2687 318 2748 et
346 2684 527 2748 cornicibus
555 2685 655 2747 vitans
685 2682 883 2765 diuturnam,
913 2705 1050 2768 quorum

37 2772 70 2836 id
93 2771 179 2835 nihil
201 2771 384 2854 interesset,
407 2771 606 2853 hominibus,
630 2791 766 2854 quorum
789 2772 927 2835 maxime
950 2772 1049 2836 inter-

37 2859 168 2941 fuisset,
190 2861 259 2923 tam
278 2859 426 2943 exiguam
445 2859 547 2923 vitam
569 2859 724 2941 dedisset3
747 2880 884 2941 quorum
907 2859 935 2922 si
959 2863 1049 2924 aetas

38 2947 201 3030 potuisset
223 2968 293 3010 esse
317 2946 537 3031 longinquior,
559 2947 704 3011 futurum
726 2946 827 3010 fuisse
845 2949 883 3009 ut
901 2949 1048 3011 omnibus

37 3034 191 3119 perfectis
216 3035 339 3098 artibus
363 3034 451 3099 omni
469 3035 616 3099 doctrina
637 3033 806 3098 hominum
825 3034 893 3097 vita
913 3035 1050 3099 erudire·

37 3126 99 3187 tur.
147 3121 350 3197 Querebatur
375 3122 476 3205 igitur
499 3144 532 3186 se
559 3126 642 3201 tum,
671 3143 744 3186 oum
771 3121 830 3185 illa
852 3121 958 3185 videre
983 3143 1051 3186 coe·

37 3211 156 3295 pisset,
183 3210 338 3294 extingui.
382 3207 488 3284 Quid?
516 3231 555 3273 ex
577 3209 692 3274 ceteris
716 3208 920 3292 philosophis
943 3230 1050 3272 nonne

38 3302 191 3381 optumus
220 3302 252 3361 et
279 3297 500 3382 gravissumus
530 3299 662 3382 quisque
687 3298 860 3362 confitetur
887 3296 992 3361 multa
1016 3317 1050 3360 se

37 3386 199 3470 ignorare,
215 3389 247 3450 et
260 3386 343 3449 mult
329 3389 363 3449 ta
378 3384 489 3449 sibit
457 3388 489 3448 et
490 3384 556 3448 iam
570 3392 666 3468 atque
679 3387 777 3449 etiam
792 3405 861 3448 esse
876 3383 1049 3448 discenda?

36 3495 141 3559 neque
166 3476 289 3557 tamen,
305 3495 385 3539 cum
405 3494 439 3536 se
461 3472 496 3536 in
513 3473 620 3537 media
643 3474 723 3537 stult
709 3472 795 3556 titia,
819 3493 882 3555 qua
899 3472 982 3536 nihil
1001 3474 1064 3535 est
1069 3450 1104 3559 11
