2346 3876
110 158 154 223 28
380 153 671 210 ACADEMICORUM
688 153 854 209 PRIORUM

58 335 93 383 14
112 318 204 403 sequi
231 317 350 383 dicunt.
400 315 557 381 Similiter
583 337 640 380 vos
668 336 741 379 cum
768 315 972 399 perturbare,
999 320 1037 381 ut
1068 316 1118 381 illi

110 427 179 472 rem
205 406 384 489 publicam,
417 405 463 468 sic
490 425 548 469 vos
575 402 814 486 philosophiam
840 403 922 468 bene
947 404 1015 468 iam
1044 425 1118 469 con·

111 496 260 560 stitutam
292 492 416 570 velitis,
451 489 685 573 Empedoclen,
721 491 957 575 Anaxagoran,
999 490 1118 557 Demo-

112 583 243 665 critum,
278 578 504 662 Parmeniden,
539 577 784 662 Xenophanem,
817 579 988 644 Platonem
1019 580 1119 645 etiam

112 673 145 734 et
176 667 343 735 Socratem
379 666 540 752 profertis.
600 663 663 730 Sed
698 687 801 750 neque
839 664 1049 752 Saturninus,
1083 671 1145 735 uts

110 761 259 824 nostrum
281 756 447 820 inimicum
469 754 684 839 potissimum*
696 755 875 837 nominem,
902 755 1007 820 simile
1031 756 1120 840 quil·

113 867 209 930 quam
228 843 344 909 habuit
360 846 506 908 veterum
528 842 672 925 illorum,
695 863 753 906 nec
774 841 939 907 Arcesilae
958 836 1121 908 calumniis

113 931 307 998 conferenda
329 933 380 995 est
402 951 474 994 cum
499 929 678 995 Democriti
699 929 898 996 verecundia
943 930 989 995 llt
1010 933 1121 996 tamen

113 1021 169 1086 isti
187 1020 315 1105 physici
342 1039 416 1082 raro
440 1017 625 1100 admodum,
655 1038 728 1081 cum
750 1018 885 1082 haerent
907 1018 1016 1102 aliquo
1039 1019 1122 1103 loco,

114 1108 296 1174 exclamant
323 1106 416 1190 quasi
442 1108 559 1168 mente
572 1104 716 1183 incitati,
745 1103 958 1189 Empedocles
983 1106 1121 1191 quidem,
1133 1131 1156 1173 u

113 1200 150 1260 ut
168 1193 329 1259 interdum
347 1192 427 1256 mihi
444 1192 550 1256 furere
568 1192 723 1274 videatur,
744 1193 895 1257 abstrusa
912 1212 984 1258 esse
1003 1195 1122 1279 omnia,

113 1282 196 1348 nihil
223 1303 284 1346 nos
311 1280 444 1362 sentire,
469 1279 552 1344 nihil
580 1301 724 1362 cernere,
755 1279 837 1343 nihil
865 1281 997 1346 omnino
1027 1282 1122 1366 quale

114 1372 159 1435 sit
179 1390 276 1454 posse
301 1367 456 1451 reperir03
483 1366 638 1431 maiorem
666 1371 774 1431 autem
795 1370 921 1450 partem
947 1368 1030 1433 mihi
1054 1371 1122 1454 qui·

114 1458 188 1523 dem
211 1477 321 1522 omnes
348 1455 405 1519 isti
431 1453 580 1520 videntur
605 1455 702 1518 nimis
726 1455 825 1519 etiam
847 1456 1005 1539 quaedam
1027 1457 1122 1522 adfir-

62 1569 96 1617 15
115 1566 204 1611 marc
225 1545 361 1628 plusque
383 1543 528 1626 profiteri
552 1563 587 1607 se
610 1541 704 1625 scire,
727 1564 823 1627 quam
846 1544 957 1608 sciant.
998 1545 1121 1621 Quodsi
1134 1569 1160 1612 rs

114 1635 163 1698 illi
184 1637 255 1698 tum
277 1633 312 1696 in
328 1631 423 1696 noris
442 1630 538 1695 rebus
557 1629 763 1714 quasimodo
785 1636 956 1696 nascentes
978 1632 1122 1698 haesita-

114 1724 239 1804 verunt,
256 1720 381 1785 nihilne
399 1721 450 1782 tot
469 1717 618 1796 saeculis,
637 1718 770 1782 summis
789 1718 940 1803 ingeniis,
961 1721 1122 1787 maxumis

116 1809 231 1874 studiis
258 1807 452 1890 explicatum
478 1805 651 1888 putamus?
678 1826 799 1884 nonne,
826 1828 899 1871 curn
925 1807 991 1871 iam
1016 1809 1124 1892 philo·

116 1896 291 1980 sophorum
318 1892 505 1975 disciplinae
537 1893 749 1977 gravissimae
785 1895 1020 1979 constitissent,
1053 1901 1123 1962 tum

116 1986 245 2049 exortus
278 1984 340 2063 est,
371 1984 408 2044 ut
436 1981 471 2045 in
501 1984 634 2064 optuma
660 2003 694 2045 re
721 1980 851 2065 publica
877 1981 924 2046 ri.
948 1982 1161 2069 Gracchusue

117 2072 172 2156 qui
195 2070 297 2134 otium
319 2067 537 2152 perturbaret,
560 2069 607 2133 sic
628 2067 808 2147 Arcesilas,
833 2070 889 2153 qui
911 2072 1123 2138 constitutam

116 2157 357 2242 philosophiam
384 2158 542 2220 everteret
568 2161 601 2220 et
626 2157 661 2220 in
689 2177 800 2220 eorum
829 2159 1022 2223 auctoritate
1045 2160 1124 2224 deli·

116 2249 266 2329 tesceret,
292 2244 347 2327 qui
373 2244 580 2328 negavissent
607 2242 779 2328 quidquam
807 2245 881 2310 sciri
914 2249 971 2310 aut
1000 2248 1125 2332 percipi

117 2332 235 2417 posse?
268 2353 404 2417 quorum
436 2352 452 2395 e
483 2331 806 2396 numero‘tollendus
833 2336 884 2397 est
910 2337 944 2398 et
968 2334 1064 2401 Plato
1091 2340 1124 2401 et

118 2419 280 2503 Socrates,
307 2419 401 2501 alter,
428 2419 505 2503 quia
526 2419 657 2504 reliquit
682 2419 951 2502 perfectissimam
981 2422 1123 2507 discipli·
1136 2448 1161 2491 rs

115 2531 206 2593 nam,
236 2507 470 2592 Peripateticos
502 2509 535 2571 et
561 2507 784 2590 Academicos,
814 2509 1001 2574 nominibus
1033 2511 1123 2576 diffe-

116 2601 236 2680 rentes,
267 2618 302 2660 re
329 2598 555 2680 congruentes,
587 2618 607 2660 a
638 2595 754 2679 quibus
786 2594 888 2661 Stoici
918 2597 982 2680 ipsi
1014 2599 1123 2664 verbis

117 2686 223 2769 magis
253 2705 350 2768 quam
377 2683 543 2747 sententiis
571 2682 805 2766 dissenserunt3
837 2681 984 2749 Socrates
1013 2690 1123 2752 autem

118 2773 156 2837 de
180 2793 214 2836 se
232 2772 301 2854 ipse
324 2769 495 2834 detrahens
512 2771 548 2834 in
565 2770 783 2854 disputatione
800 2772 872 2855 plus
889 2773 1056 2838 tribuebat
1072 2775 1123 2857 iis,

119 2880 199 2943 quos
218 2858 349 2923 volebat
366 2856 519 2922 refellere.
558 2855 611 2921 lta
646 2879 719 2930 cum
755 2857 842 2922 aliud
878 2858 998 2923 diceret
1025 2864 1161 2946 atqueso

119 2947 266 3027 sentiret,
301 2945 438 3010 libenter
470 2946 518 3009 uti
549 2946 665 3011 solitus
701 2950 751 3011 est
782 2967 821 3010 ea
855 2946 1123 3034 dissimulatione,

119 3056 215 3118 quam
243 3032 356 3097 Graeci
385 3034 558 3116 εἰρωνείαν
589 3036 721 3117 vocant3
754 3056 850 3118 quam
882 3035 928 3099 ait
958 3037 1059 3101 etiarn
1089 3038 1124 3103 in

119 3121 273 3186 Africano
296 3120 396 3184 fuisse
418 3119 574 3203 Fannius,
598 3121 693 3206 idque
716 3125 889 3205 propterea
909 3123 1066 3189 vitiosum
1087 3127 1124 3191 in

119 3210 176 3273 illo
199 3230 266 3272 uon
287 3208 479 3292 putandum,
502 3209 588 3293 quod
609 3209 695 3273 idem
717 3209 815 3273 fuerit
836 3210 871 3274 in
893 3208 1034 3276 Socrate.

75 3278 96 3340 6
186 3294 247 3361 Sed
278 3296 399 3360 fuerint
430 3297 488 3360 illa
523 3297 698 3381 veteribus,
734 3298 763 3361 si
799 3297 913 3381 voltis,
948 3300 1123 3385 incognita
1136 3325 1163 3369 ss

66 3354 100 3403 ¹⁶
118 3382 250 3448 Nihilne
291 3386 341 3448 est
379 3383 480 3468 igitur
520 3387 646 3469 actum,
687 3384 772 3470 quod
807 3385 1003 3471 investigata
1038 3393 1125 3472 sunt,

112 3476 330 3557 posteaquam
357 3470 519 3536 Arcesilas
547 3470 683 3558 Zenoni,
701 3476 744 3546 ⁴ut
769 3476 915 3558 putatur,
937 3475 1124 3542 obtrectans

66 3598 141 3640 ἱ
