2346 3876
119 175 182 238 100
284 173 332 228 DE
351 172 495 228 FINIBUS
512 172 692 228 BONORUM
709 173 757 228 Er
775 172 959 229 MALORUM

115 356 270 422 umquam
301 335 540 418 cohaerescent,
571 335 638 401 sive
669 334 752 399 aliae
784 334 1005 419 declinabunt,
1043 336 1124 400 aliae

117 447 175 490 suo
199 427 281 489 nutu
303 427 390 489 recte
416 423 572 507 ferentur,
598 423 739 507 primum
761 423 824 487 erit
848 423 911 489 hoc
936 424 1031 508 quasi
1053 447 1124 508 pro·

116 513 238 578 vincias
257 513 374 577 atomis
393 513 478 596 darc,
501 533 583 596 quae
601 515 801 597 recte,·quae
820 511 950 596 oblique
968 511 1125 597 ferantur,

117 601 230 665 deinde
250 601 362 665 eadem
380 601 439 664 illa
458 603 651 684 atomorum,
669 600 785 683 inquo
805 600 905 665 etiam
918 598 1124 666 Democritus

115 689 242 773 haeret,
273 690 462 754 turbulenta
497 688 664 753 concursio
700 688 787 752 hunc
822 688 937 753 mundi
972 694 1146 755 ornatume

117 778 242 842 efficere
259 799 326 842 non
348 777 477 863 poterit.
512 774 563 840 Ne
580 776 662 841 illud
680 774 810 860 quidem
832 776 973 861 physici,
996 778 1124 842 credere

117 866 239 951 aliquid
262 887 332 930 esse
356 865 539 950 minimum3
563 864 648 949 quod
670 865 817 948 profecto
836 886 1015 949 numquam
1033 871 1123 949 puta-

116 956 227 1038 visset,
246 955 274 1018 si
293 976 312 1018 a
330 952 506 1038 Polyaeno,
523 953 678 1017 familiari
697 974 764 1037 suo,
782 954 983 1038 geometrica
1004 954 1124 1019 discere

116 1042 286 1107 maluisset
317 1064 413 1127 quam
449 1041 543 1106 illum
581 1041 680 1106 etiam
711 1042 820 1126 ipsum
851 1040 1016 1107 dedocere.
1071 1041 1124 1108 Sol

116 1131 303 1195 Democrito
327 1150 464 1215 magnus
487 1129 629 1213 videtur,
651 1130 770 1214 quippe
791 1128 917 1194 homini
941 1130 1069 1195 erudito
1092 1132 1157 1198 ina

117 1218 358 1303 geometriaque
381 1217 540 1302 perfecto,
569 1217 645 1283 huic
667 1217 793 1302 pedalis
815 1216 968 1302 fortasse3
995 1221 1125 1284 tantum

118 1306 204 1371 enim
236 1327 306 1371 esse
343 1309 465 1389 censet,
504 1311 645 1390 quantus
676 1305 824 1384 videtur,
853 1307 906 1370 vel
937 1307 1037 1390 paulo
1070 1310 1124 1371 aut

65 1420 97 1468 21
117 1395 272 1459 maiorem
297 1398 354 1458 aut
375 1394 544 1459 minorem.
588 1395 654 1479 Ita,
676 1416 758 1479 quae
781 1396 900 1477 mutat,
923 1416 962 1459 ea
985 1416 1125 1461 corrum-

117 1483 180 1566 pit,
198 1504 280 1567 quae
299 1483 459 1567 sequitur,
483 1485 558 1547 sunt
575 1486 647 1547 tota
669 1481 861 1565 Democriti,
889 1483 1004 1562 atomi,
1022 1484 1125 1568 inane,

117 1572 288 1656 imagines,
316 1593 398 1656 quae
422 1572 543 1635 εἴδωλα
565 1571 751 1653 nominant,
779 1591 915 1655 quorum
941 1571 1125 1637 incursione
1136 1597 1159 1639 rs

117 1682 183 1725 non
211 1659 317 1725 solum
343 1659 523 1743 videamus,
550 1659 606 1724 sed
634 1660 734 1724 etiam
761 1659 954 1743 cogitemus3
985 1659 1124 1726 infinitio

117 1749 202 1832 ipsa,
235 1770 332 1832 quam
364 1743 518 1831 ἀπειρίαν
548 1751 678 1824 vocant,
709 1751 783 1813 tota
811 1747 852 1811 ab
879 1745 1030 1830 illo'est,
1057 1752 1126 1812 tum

117 1836 368 1901 innumerabiles
400 1835 525 1918 mundi,
562 1835 618 1920 qui
652 1839 685 1899 et
719 1836 863 1900 oriantur
895 1837 929 1898 et
964 1835 1125 1901 intereant

118 1924 244 1988 cotidie.
282 1923 372 1999 Quae
392 1923 454 1987 etsi
473 1922 555 1986 mihi
572 1923 661 1988 nullo
680 1923 776 1988 modo
798 1922 993 2007 probantur,
1015 1929 1126 1989 tamen

118 2012 352 2094 Democritum,
384 2010 551 2075 laudatum
581 2034 601 2076 a
629 2013 758 2095 ceteris,
791 2011 832 2077 ab
862 2010 939 2095 hoo,
970 2013 1026 2096 qui
1055 2033 1161 2082 eumn

119 2122 218 2164 unum
242 2102 370 2164 secutus
394 2102 493 2178 esset,
517 2099 639 2164 nollem
661 2099 889 2184 vituperatum.

184 2186 255 2251 Iam
277 2187 314 2250 in
337 2187 438 2252 altera
466 2186 692 2271 philosophiae
714 2192 820 2272 parte,
848 2208 930 2272 quae
953 2191 1006 2252 est
1031 2210 1126 2274 quae·

118 2275 209 2340 rendi
237 2297 274 2340 ac
302 2275 491 2358 disserendi,
519 2297 602 2360 quae
628 2273 745 2360 λογική
772 2276 901 2359 dicitur,
929 2276 994 2340 iste
1020 2281 1127 2342 vester

118 2365 229 2449 plane,
250 2366 288 2428 ut
305 2364 386 2428 mihi
409 2364 538 2449 quidem
561 2363 700 2448 videtur,
723 2364 855 2429 inermis
879 2384 917 2429 ac
939 2364 1046 2428 nudus
1070 2369 1126 2429 est.

118 2453 219 2518 Tollit
254 2452 470 2537 definitiones,
501 2451 584 2516 nihil
616 2452 655 2516 de
687 2452 857 2517 dividendo
891 2473 928 2516 ac
957 2452 1162 2536 partiendos

119 2542 225 2626 docet,
247 2563 326 2625 non,
349 2562 412 2625 quo
435 2539 531 2605 modo
556 2540 715 2604 efficiatur
737 2539 1011 2624 concludaturque
1033 2542 1144 2624 ratio,¹

118 2630 233 2712 tradit,
270 2651 350 2711 non,
388 2651 460 2714 qua·
486 2629 540 2692 via
577 2629 721 2716 captiosa
760 2629 939 2712 solvantur,
976 2630 1129 2714 ambigua

119 2717 374 2802 distinguantur,
416 2715 572 2798 ostendit,
613 2715 733 2781 iudicia
769 2738 876 2781 rerum
911 2717 946 2780 in
982 2718 1128 2783 sensibus

119 2806 227 2889 ponit,
260 2805 376 2889 quibus
409 2804 437 2867 si
470 2804 568 2868 semel
599 2804 720 2889 aliquid
752 2804 829 2868 falsi
859 2825 918 2888 pro
949 2826 1027 2870 vero
1055 2828 1128 2890 pro·

119 2894 234 2958 batum
257 2894 312 2976 sit,
336 2892 500 2956 sublatum
523 2913 592 2957 csse
615 2913 709 2956 omne
732 2892 886 2957 iudicium
907 2893 975 2957 veri
998 2897 1032 2958 et
1053 2893 1165 2960 falsie

67 3003 101 3052 23
120 2985 214 3064 putat
217 3029 356 3045 .......
416 2978 594 3044 Confirmat
626 2983 735 3046 autem
771 2981 852 3045 illud
892 2982 944 3046 vel
980 2984 1130 3064 maxime,

120 3068 205 3155 quod
232 3069 304 3152 ipsa
331 3071 459 3152 natura,
487 3071 524 3132 ut
555 3069 601 3132 ait
627 3068 696 3151 illc,
729 3070 847 3134 sciscat
874 3072 908 3133 et
933 3070 1066 3155 probet,
1098 3070 1130 3135 id

121 3161 170 3222 est
192 3157 394 3241 voluptatem
418 3159 451 3220 ct
473 3155 625 3221 dolorem.
664 3156 716 3220 Ad
738 3156 832 3239 haec,
856 3160 889 3221 et
912 3179 994 3242 quae
1017 3158 1170 3243 sequa-⁸

120 3268 206 3324 mur,
234 3248 268 3309 et
294 3266 375 3330 quae
401 3244 579 3329 fugiamus,
605 3245 705 3308 refert
732 3245 850 3309 omnia.
901 3244 994 3321 Quod
1021 3269 1131 3332 quam·

120 3356 219 3418 quam
237 3331 398 3417 Aristippi
422 3337 472 3398 est
490 3354 510 3396 a
528 3330 774 3419 Cyrenaicisque
794 3333 910 3398 melius
932 3333 1131 3418 liberiusque
1142 3357 1166 3401 rs

121 3421 315 3506 defenditur,
351 3425 461 3486 tamen
493 3421 559 3486 eius
591 3422 679 3487 modi
711 3441 781 3487 esse
819 3421 938 3504 iudico,
974 3425 1012 3486 ut
1048 3423 1131 3489 nihil
1169 3440 1171 3447 ·

107 3510 247 3574 homme
267 3511 416 3577 rideatur
436 3509 611 3596 indignius.
647 3509 699 3575 Ad
716 3509 841 3575 maiore
864 3509 949 3574 enim
973 3511 1131 3595 quaedam

66 2239 100 2287 22
