2346 3876
260 157 327 212 xre.
345 131 394 211 111.
422 155 498 214 cur.
518 163 606 212 2-4.
634 119 771 223 aare.
957 157 1020 222 175

43 318 130 383 oratio.
163 317 299 382 Minime
318 339 408 402 vcro,
430 319 537 404 inquit
559 319 628 403 ille,
651 319 819 384 consentit.
861 319 1020 403 Quicquid

43 405 105 468 enirn
123 409 251 489 praeter
272 405 319 488 id,
342 406 428 491 quod
446 406 618 471 honestum
637 408 693 490 sit,
715 407 929 490 expetendum
950 429 1020 472 esse

42 491 133 558 dixeris
155 494 191 558 in
212 494 372 578 bonisque
393 495 627 579 numeraveris,
654 500 688 560 et
716 494 889 560 honestum
912 497 1019 578 ipsum

42 582 109 662 quasi
134 581 264 647 virtutis
291 582 401 646 lumen
428 583 618 647 exstinxeris
647 585 680 647 et
706 583 861 648 virtutem
890 584 1019 667 penitus

42 670 175 734 everteris.
229 666 391 734 Dicuntur
421 671 499 753 ista,
531 668 630 753 (icto,
661 671 849 755 magnifice,
879 671 1020 755 inquam,
1040 685 1072 733 11

41 757 81 821 sed
102 758 428 823 videsne‘verborum
455 759 594 842 gloriam
617 759 680 823 tibi
703 781 775 823 cum
797 758 966 842 Pyrrhone
988 765 1021 823 et

41 865 93 908 cun
107 845 272 930 Aristone,
294 846 349 931 qui
368 847 475 911 omnia
494 851 682 931 exaequant,
707 869 777 912 esse
796 847 1020 912 communem?

40 931 198 1017 dequibus
227 934 321 1017 cupio
350 934 430 999 scire
457 934 534 1018 quid
562 936 691 1000 sentias.
740 935 856 1020 Egone
884 936 1020 1020 quaeris,

40 1019 127 1106 inquit,
148 1021 225 1107 quid
245 1022 406 1086 sentiam?
429 1044 509 1106 quos
529 1023 633 1088 bonos
657 1024 752 1107 viros,
774 1024 886 1107 fortes,
908 1023 1021 1107 iustos,

40 1109 196 1174 moderatos
221 1114 278 1174 aut
302 1110 480 1174 audivimus
504 1111 590 1175 inre
613 1111 742 1195 publica
764 1111 863 1176 fuisse
883 1117 939 1177 eut
957 1112 1020 1195 ipsi

40 1196 163 1282 vidimus,
187 1197 242 1283 qui
266 1198 336 1262 sine
358 1198 426 1262 ulla
449 1198 595 1263 doctrina
617 1202 767 1263 naturam
790 1200 895 1283 ipsam
918 1200 1021 1264 secuti

39 1285 116 1351 nulta
141 1286 318 1351 laudabilia
334 1284 503 1370 iecerunt,
531 1308 584 1352 eos
609 1287 723 1351 melius
747 1310 766 1351 a
788 1291 904 1353 natura
925 1288 1020 1352 insti·
1088 1365 1090 1369 ¹

38 1375 104 1439 tutos
127 1375 242 1455 fui-sse,
270 1397 367 1458 quam
393 1375 520 1438 institui
546 1374 728 1458 potuissent
755 1397 775 1440 a
803 1375 1021 1459 philosophia,

38 1461 57 1523 si
72 1463 165 1527 ullam
188 1462 287 1526 aliam
313 1463 540 1545 probavissent
566 1467 803 1547 praeteream,
830 1484 912 1547 quae
936 1463 1019 1527 nihil

37 1549 103 1615 aliud
122 1551 157 1615 in
179 1550 276 1615 bonis
294 1549 429 1616 haberet
450 1550 515 1615 nisi
532 1550 718 1633 honestum,
741 1550 823 1615 nihil
844 1551 907 1615 nisi
926 1553 1019 1632 turpe

35 1635 60 1700 in
81 1640 182 1723 malis;
211 1641 337 1702 ceterae
363 1638 631 1722 philosophorum
659 1638 861 1722 disciplinae,
888 1638 1019 1702 omnino

35 1725 84 1790 dia
105 1726 209 1812 magis
238 1727 315 1808 alia,
342 1726 398 1790 sed
425 1730 536 1791 tamen
563 1749 687 1809 omnes,
714 1747 796 1810 quae
824 1747 893 1790 rem
920 1725 1019 1789 ullam

34 1813 141 1879 virtutis
163 1817 329 1898 expertem
352 1818 408 1878 aut
429 1814 464 1878 in
486 1814 581 1879 bonis
601 1815 709 1879 autin
726 1815 821 1878 malis
841 1817 1021 1896 numerent,

34 1921 74 1965 eas
96 1925 159 1967 non
185 1902 281 1967 modo
307 1901 390 1965 nihil
418 1902 570 1967 adiuvare
598 1903 738 1967 arbitror
764 1923 867 1986 neque
896 1901 1019 1983 afferre,

34 2009 81 2070 quo
104 1991 252 2056 meliores
281 1990 395 2073 simus,
430 1990 485 2054 sed
516 1990 620 2072 ipsam
652 1990 828 2074 depravare
859 1994 1020 2054 naturam.

34 2073 99 2142 llam
120 2078 184 2144 nisi
207 2078 270 2143 hoc
292 2078 488 2160 obtineatur,
510 2077 544 2142 id
563 2078 808 2142 solumbonum
827 2100 911 2161 esse,
935 2077 1019 2161 quod

34 2162 182 2231 honestum
201 2167 254 2249 sit,
271 2165 362 2230 nullo
381 2167 477 2231 modo
495 2166 629 2249 probari
647 2167 752 2249 possit
770 2166 901 2232 beatam
917 2167 1019 2229 vitam

34 2251 133 2318 virtute
155 2254 248 2319 effici.
285 2253 377 2330 Quod
401 2254 430 2318 si
452 2253 501 2318 ita
524 2253 581 2336 sit,
602 2275 659 2318 our
677 2275 775 2337 opera
792 2252 1019 2340 philosophiae

34 2339 65 2402 sit
83 2342 194 2424 danda,
217 2342 336 2406 nescio,
373 2339 408 2405 si
427 2342 513 2406 enim
537 2341 664 2425 sapiens
688 2342 804 2425 aliquis
828 2342 927 2405 miser
950 2363 1019 2406 esse

34 2431 130 2514 possit,
154 2452 196 2495 ne
224 2449 285 2513 ego
309 2430 407 2494 istam
429 2430 605 2514 gloriosam
627 2429 933 2513 memorabilemque
957 2429 1018 2492 vir·

34 2517 117 2583 tutem
137 2539 204 2584 non
228 2537 346 2600 magno
371 2518 604 2582 aestimandam
628 2521 747 2602 putem.

85 2605 168 2681 Quae
196 2605 313 2688 adhuc,
343 2602 439 2689 Cato,
469 2628 489 2670 a
515 2608 549 2670 te
576 2606 663 2669 dicta
691 2610 781 2688 sunt,
814 2605 939 2686 eadem,
971 2583 1073 2706 in'ih

34 2711 123 2777 quam,
153 2694 258 2758 dicere
292 2714 420 2776 posses,
456 2693 485 2757 si
521 2715 687 2777 sequerere
723 2693 926 2775 Pyrrhonem
963 2696 1020 2756 aut

34 2780 209 2847 Aristonem.
246 2780 315 2846 Nec
335 2781 421 2845 enim
443 2782 574 2866 ignoras
593 2782 633 2845 iis
656 2781 744 2845 istud
763 2781 935 2846 honesturn
953 2802 1019 2846 non

34 2886 175 2934 summum
202 2870 314 2951 modo,
341 2869 396 2933 sed
425 2872 536 2953 etiam,
564 2872 602 2933 ut
623 2872 660 2933 tu
682 2869 745 2950 vis,
771 2868 1020 2933 solumbonum

34 2954 123 3022 videri.
174 2957 265 3034 Quod
293 2957 320 3021 si
348 2957 395 3021 ita
422 2961 485 3042 est,
513 2957 657 3040 sequitur
678 2956 713 3020 id
735 2957 856 3041 ipsum,
878 2957 964 3041 quod
987 2960 1020 3021 te

34 3043 97 3109 velle
130 3046 235 3129 video,
276 3066 386 3110 omnes
424 3066 550 3129 semper
591 3044 704 3109 beatos
741 3066 810 3109 esse
848 3046 1020 3128 sapientes.

34 3127 126 3198 Hosne
147 3135 249 3220 igitur
271 3134 384 3198 laudas
408 3137 441 3198 et
462 3133 546 3198 hanc
569 3155 693 3215 eorum,
719 3133 864 3216 inquam,
880 3137 1018 3197 senten-

34 3217 98 3284 tian
115 3224 203 3308 sequi
220 3244 280 3287 nos
300 3243 408 3286 censes
428 3221 601 3304 oportere?
637 3219 769 3285 Minime
788 3242 863 3286 vero
881 3220 1019 3283 istorum

34 3309 155 3394 quidem,
178 3311 293 3395 inquit.
329 3307 410 3374 (ium
433 3310 518 3374 enim
540 3309 670 3373 virtutis
693 3309 755 3374 hoc
776 3308 943 3391 proprium
968 3307 1019 3383 sit,

34 3413 271 3481 rerumrerum,
303 3420 385 3482 quae
413 3398 586 3462 secundum
613 3401 762 3460 naturam
790 3396 867 3474 sint,
899 3393 1019 3457 habere

34 3480 179 3567 dilectum,
203 3488 259 3572 qui
282 3486 391 3551 omnia
414 3486 460 3550 sic
482 3487 757 3572 exaequaverunt,
781 3486 819 3547 ut
841 3481 878 3547 in
899 3485 1019 3546 utram·
