2346 3876
289 154 357 209 ΗΒ.
376 155 409 212 v.
438 155 515 212 cnr.
535 163 623 212 2-4.
653 142 669 221 'a
689 164 793 216 s-n.
980 158 1048 224 239

36 315 98 381 Sed
117 338 168 400 ne,
187 317 263 382 dum
280 316 357 382 huic
376 319 543 402 obsequor,
561 320 655 383 vobis
675 321 829 385 molestus
849 322 918 385 sim.
955 321 1045 405 Mihi,

34 407 183 489 inquam,
211 406 267 489 qui
294 409 328 470 te
355 406 388 469 id
415 407 520 490 ipsum
547 407 682 491 rogari?
727 408 824 490 Tum,
851 408 989 484 Quintus
1013 415 1048 474 et

33 493 234 576 Pomponius
258 515 331 559 oum
353 493 439 558 idem
459 516 493 558 se
511 494 594 558 velle
618 495 788 579 dixissent,
812 495 887 560 Piso
911 518 1043 562 exorsus

35 583 93 645 est.
151 578 251 645 Cuius
284 582 388 647 oratio
422 583 564 664 attende,
600 605 734 667 quaeso,
770 582 885 666 Brute,
922 585 1044 649 satisne

35 668 185 733 videatur
216 669 369 734 Antiochi
402 670 568 753 complexa
604 693 673 735 esse
705 672 911 754 sententiam,
947 695 1044 756 quam

34 757 112 838 tibi,
145 757 202 841 qui
232 757 368 822 fratrem
401 759 469 822 eius
502 758 648 822 Aristum
681 759 865 842 frequenter
897 760 1044 842 audieris,

35 845 176 909 maxime
200 847 372 928 probatam
395 847 553 911 existimo.
1062 898 1087 958 4

102 932 159 998 Sic
186 937 235 997 est
260 935 362 1018 igitur
388 934 528 999 locutus:
559 934 709 1011 Quantus
735 939 869 1000 ornatus
896 936 932 999 in
959 935 1079 1020 Peri-9

35 1022 253 1105 pateticorum
276 1021 447 1104 disciplina
470 1023 526 1104 sit,
554 1023 634 1088 satis
657 1026 708 1088 est
730 1046 750 1086 a
772 1045 836 1107 me,
863 1027 900 1087 ut
921 1024 1042 1088 brevis·

36 1110 117 1174 sime
142 1110 261 1192 potuit,
286 1111 383 1193 paulo
407 1113 481 1174 ante
505 1110 634 1175 dictum.
680 1109 742 1175 Sed
770 1115 820 1176 est
845 1111 951 1176 forma
974 1111 1043 1176 eius
1083 1119 1086 1126 “

35 1197 240 1281 disciplinae,
268 1199 352 1262 sicut
378 1197 445 1262 fere
478 1202 669 1282 ceterarum,
701 1199 834 1282 triplex:
870 1222 935 1264 una
965 1222 1042 1283 pars

36 1289 86 1349 est
107 1288 257 1368 naturae,
280 1286 456 1350 disserendi
480 1287 594 1370 altera,
617 1287 745 1351 vivendi
767 1288 874 1352 tertia.
915 1287 1043 1354 Natura

36 1374 82 1438 sic
105 1374 148 1438 ab
176 1374 217 1438 iis
241 1375 436 1458 investigata
463 1377 526 1457 est,
553 1377 590 1438 ut
612 1374 703 1438 nulla
725 1397 801 1458 pars
825 1377 928 1458 caelo,
951 1378 1043 1458 mari,

36 1466 137 1545 terra,
160 1464 197 1525 ut
218 1463 341 1546 poetice
360 1462 486 1546 loquar,
508 1463 736 1545 praetermissa
755 1464 811 1545 sit3
835 1464 913 1547 quin
936 1465 1044 1547 etiam,

37 1572 110 1614 cum
139 1549 178 1614 de
205 1571 312 1613 rerum
338 1550 440 1613 initiis
469 1551 619 1635 omnique
646 1550 765 1614 mundo
796 1551 895 1615 locuti
927 1554 1044 1632 essent,

36 1642 72 1702 ut
106 1638 210 1702 multa
240 1659 305 1702 non
340 1637 436 1702 modo
469 1638 628 1721 probabili
661 1637 955 1722 argumentatione,
988 1638 1044 1702 sed

37 1726 136 1790 etiam
167 1726 350 1790 necessaria
381 1725 684 1791 mathematicorum
716 1727 840 1790 ratione
876 1725 1043 1790 conclude-

37 1817 121 1898 rent,
145 1813 318 1877 maximam
342 1814 510 1878 materiam
530 1835 569 1877 ex
587 1815 682 1878 rebus
705 1836 763 1897 per
785 1835 818 1877 se
836 1813 1042 1896 investigatis

37 1902 207 1967 adrerum
230 1902 426 1966 occultarum
450 1902 667 1986 cognitionem
697 1903 884 1967 attulerunt.
932 1900 1042 1965 Perse·
1063 1921 1099 1968 10

38 1994 129 2054 cutus
145 1993 195 2054 est
208 1988 402 2054 Aristoteles
422 1989 634 2054 animantium
648 1990 792 2054 omnium
811 1993 910 2072 ortus,
928 1989 1042 2071 victus,

37 2079 166 2163 figuras,
185 2076 429 2161 Theophrastus
449 2081 556 2141 autem
571 2070 722 2160 stirpium
735 2082 867 2142 naturas
885 2078 1043 2142 omnium·

38 2188 97 2250 que
115 2166 184 2230 fere
202 2187 317 2250 rerum,
337 2187 418 2249 quae
438 2188 455 2230 e
473 2168 560 2229 terra
576 2165 794 2249 gignerentur,
812 2187 926 2230 causas
946 2169 1043 2249 atque

37 2254 191 2338 rationes,
216 2276 279 2338 qua
301 2276 340 2318 ex
362 2253 547 2338 cognitione
569 2253 696 2318 facilior
722 2254 811 2318 facta
839 2256 889 2317 est
910 2254 1044 2319 inresti-

37 2343 126 2427 gatio
146 2363 253 2406 rerum
273 2342 569 2407 occultissimarum.
608 2340 856 2424 Disserendique
876 2340 917 2403 ab
940 2340 1044 2404 isdem

36 2453 100 2496 non
134 2430 301 2494 dialectice
334 2430 453 2512 solum,
486 2429 541 2494 sed
573 2429 672 2493 etiam
703 2428 842 2493 oratorie
871 2433 1044 2511 praecepta

38 2522 113 2584 sunt
145 2519 278 2602 tradita,
311 2519 351 2583 ab
384 2517 625 2600 Aristoteleque
656 2516 810 2600 principe.
834 2515 872 2579 de
903 2514 1043 2598 singulis

37 2608 132 2672 rebus
155 2607 191 2670 in
213 2609 381 2690 utramque
404 2608 530 2689 partem
560 2603 685 2668 dicendi
713 2602 898 2668 exercitatio
924 2605 973 2666 est
996 2602 1043 2665 in·
1121 2629 1122 2635 ¹

37 2696 165 2778 stituta,
188 2697 225 2758 ut
246 2716 313 2759 non
336 2696 450 2759 contra
472 2691 581 2756 omnia
604 2713 741 2774 semper,
765 2691 849 2755 sicut
871 2687 1044 2772 Arcesilas,

37 2783 169 2866 diceret,
197 2786 361 2846 ettamen
384 2783 420 2845 ut
448 2781 482 2843 in
512 2779 662 2844 omnibus
689 2779 799 2862 rebus,
826 2777 977 2863 quicquid
1005 2799 1043 2840 ex

37 2875 172 2954 utraque
199 2873 291 2953 parte
319 2870 381 2933 dici
409 2872 532 2951 posset,
560 2869 768 2950 expromeret.
823 2863 903 2930 (lum
934 2868 1042 2930 autem
1063 2885 1097 2932 ιι

36 2959 134 3023 tertia
156 2978 233 3040 pars
256 2958 337 3021 bene
355 2957 485 3020 vivendi
507 2957 680 3038 praecepta
703 2956 882 3038 quaereret,
906 2973 944 3016 ea
966 2974 1042 3036 quo-

37 3068 97 3129 que
125 3048 176 3109 est
204 3045 244 3108 ab
276 3044 378 3108 isdem
411 3065 478 3107 non
506 3043 611 3107 solum
640 3041 681 3106 ad
708 3042 853 3124 privatae
883 3041 970 3105 uitae
993 3061 1042 3103 ra·

36 3134 174 3215 tionem,
206 3131 262 3195 sed
293 3131 392 3195 etiam
424 3131 464 3195 ad
494 3151 601 3194 rerum
632 3128 835 3212 publicarum
866 3128 1042 3192 rectionem

37 3222 148 3285 relata.
194 3217 348 3283 Omnium
375 3218 443 3282 fere
470 3218 637 3283 civitatum
665 3238 731 3282 non
754 3215 906 3280 Graeciae
930 3213 1042 3294 solum,

37 3309 91 3373 scd
122 3307 222 3372 etiam
252 3306 421 3371 barbariae
453 3305 494 3369 ab
527 3305 700 3369 Aristotele
732 3317 852 3385 mores,
882 3299 1044 3381 instituta,

37 3396 237 3480 disciplinas,
265 3417 285 3460 a
312 3392 536 3477 Theophrasto
571 3392 660 3476 leges
692 3391 791 3454 etiam
822 3387 1044 3471 cognovimus.
1118 3452 1122 3459 ,

35 3476 181 3568 'cumque
200 3485 334 3566 uterque
349 3503 459 3547 eorum
477 3480 646 3563 docuisset,
665 3478 792 3562 qualem
810 3475 892 3538 inre
912 3473 1045 3557 publica
1116 3462 1122 3524 l
