2346 3876
105 178 169 242 144
266 179 315 233 DE
333 177 478 234 FINIBUS
496 177 675 234 BONORUM
692 177 740 232 ΕΤ
758 176 941 232 MALORUM

103 339 253 404 Addebat
274 341 373 405 etiam
396 362 430 404 se
452 340 486 405 in
508 341 613 426 legem
631 338 812 405 Voconiam
832 338 977 405 iuratum
1000 344 1102 406 contra

103 450 174 492 eam
201 428 310 493 facere
335 448 401 494 non
429 429 558 512 audere,
586 428 651 492 nisi
677 428 772 492 aliter
801 428 914 493 amicis
943 428 1103 493 videretur

102 517 283 580 Aderamus
313 538 374 582 nos
406 517 533 600 quidem
566 516 799 599 adulescentes,
832 516 888 581 sed
919 517 1015 580 multi
1047 538 1100 582 am

102 604 243 687 plissimi
270 604 345 687 ιιιι,
373 625 508 688 quorum
530 625 625 668 nemo
648 604 773 669 censuit
796 604 870 686 plus
894 602 1013 668 Fadiae
1036 605 1101 672 dan

102 693 192 776 dum,
219 713 316 777 quam
342 696 455 775 posset
480 691 520 755 ad
554 713 626 755 eam
657 691 728 775 lege
758 690 906 756 Voconia
936 694 1101 776 pervenire

103 780 222 845 Tenuit
252 799 462 864 permagnam
500 777 653 843 Sextilius
688 779 913 862 hereditatem,
949 780 1046 864 unde,
1079 785 1102 846 si

103 872 231 934 secutus
255 872 340 932 esset
361 889 473 932 eorum
496 867 701 950 sententiam,
730 868 785 951 qui
806 867 946 932 honesta
969 872 1003 933 et
1022 871 1099 934 recta

103 955 327 1023 emolumentis
346 955 495 1021 omnibns
515 958 548 1019 et
565 955 742 1020 commodis
763 959 1005 1040 anteponerent,
1021 978 1096 1021 num·

103 1067 193 1110 mum
210 1045 335 1108 nullum
353 1043 526 1128 attigisset.
556 1042 644 1109 Num
661 1043 763 1126 igitur
776 1064 850 1107 eum
867 1048 984 1127 postea
1001 1064 1093 1109 censes

104 1133 199 1197 anxio
227 1132 334 1198 animo
362 1136 419 1197 aut
446 1131 585 1197 sollicito
612 1131 735 1195 fuisse?
780 1131 872 1195 Nihil
894 1132 1014 1216 minus,
1034 1153 1091 1197 con·

102 1225 217 1304 traque
248 1220 307 1284 illa
336 1219 514 1285 hereditate
541 1218 628 1284 dives
656 1218 697 1284 ob
730 1241 865 1303 eamque
896 1242 966 1285 rem
997 1220 1091 1285 laetus.

103 1307 214 1392 Magni
253 1308 338 1372 enim
375 1308 569 1372 aestimabat
603 1307 774 1390 pecuniam
808 1329 875 1374 non
913 1309 1009 1374 modo
1040 1327 1090 1373 nou

103 1400 216 1461 contra
237 1396 339 1480 leges,
362 1394 538 1460 sedetiam
562 1395 688 1480 legibus
711 1399 853 1480 partam3
876 1418 960 1480 qnae
982 1396 1089 1481 quidem

103 1485 154 1548 vel
185 1505 258 1548 cum
288 1483 431 1568 periculo
464 1487 514 1548 est
551 1483 730 1568 quaerenda
766 1484 869 1548 vobis.
927 1484 990 1549 Est
1023 1483 1089 1548 enim

50 1584 85 1632 co
104 1572 246 1637 effectrix
268 1572 482 1637 multarume
464 1575 709 1656 etmagnarum
731 1572 881 1655 voluptat
882 1595 945 1637 um.
982 1572 1026 1639 Ut
1012 1569 1088 1655 tigi-

102 1666 156 1726 tur
177 1660 257 1744 illis,
281 1661 350 1745 qui,
372 1663 462 1725 recta
484 1663 518 1724 et
538 1660 676 1725 honesta
693 1681 776 1745 quae
794 1663 883 1744 sunt,
906 1682 944 1724 ea
963 1658 1090 1725 statuunt

102 1771 160 1833 per
188 1770 221 1813 se
248 1711 439 1832 bxpetenda,
466 1748 612 1813 adeunda
639 1752 715 1812 sunt
737 1749 868 1849 quaeris
893 1746 1089 1850 periculadc-

103 1838 187 1902 coris
223 1837 466 1938 honestatisque
502 1858 612 1920 causa,
655 1837 701 1916 sic
736 1836 867 1920 vestris,
907 1838 962 1921 qui
1001 1832 1090 1903 omnis

102 1925 270 2008 voluptate
299 1924 491 2007 metiuntur,
516 1924 661 2008 pericula
689 1909 834 1989 adeunda
858 1887 951 2008 bunt,
980 1928 1014 1990 ut
1040 1919 1090 1988 adi·

101 2013 268 2097 piscantur
294 2033 430 2097 magnas
457 2012 648 2096 voluptates
698 2010 733 2076 Si
756 2032 964 2097 magnares,
991 2027 1091 2095 magun

103 2101 264 2165 hereditas
295 2106 423 2185 agetur,
456 2122 528 2164 cum
559 2100 697 2184 pecunia
727 2101 911 2252 votluptates
943 2102 1090 2195 pariantur

102 2188 274 2273 plurimae,
310 2188 396 2253 idem
432 2188 494 2252 erit
528 2187 670 2272 Epicuro
706 2191 778 2252 vest
778 2210 814 2253 ro
849 2189 1041 2272 faciendum,
1067 2181 1091 2248 si

103 2298 197 2340 suum
235 2276 332 2340 finem
371 2278 531 2351 bonorum
568 2276 659 2360 sequi
694 2277 797 2360 volet,
838 2277 924 2379 quod
966 2239 1088 2361 Scipioni

98 2385 222 2449 magna
248 2365 354 2449 gloria
380 2364 562 2448 proposita,
592 2366 620 2429 si
650 2362 911 2429 Hannibalem
900 2387 937 2430 m
965 2365 1091 2430 Africam

101 2453 298 2518 retraxisset.
342 2452 456 2537 Itaque
480 2455 581 2537 quant
582 2475 636 2517 um
660 2452 741 2516 adiit
726 2453 953 2537 tpericulum!
985 2451 1091 2518 adhc

101 2545 262 2607 nestatem
280 2540 367 2605 enim
390 2541 483 2605 illum
501 2562 629 2605 omnem
647 2542 798 2619 conatum
823 2564 917 2621 suum
940 2540 1094 2617 referebat,

101 2651 168 2695 non
191 2629 232 2694 ad
253 2631 462 2713 voluptatem
501 2626 554 2692 Sic
576 2632 682 2694 vester
705 2629 832 2713 sapiens
855 2651 976 2715 magno
1000 2629 1093 2712 aliquo

103 2719 319 2782 emolumento
353 2719 532 2783 commotus
564 2719 585 2796 †
617 2738 690 2781 cum
721 2739 834 2801 causa,
866 2718 895 2782 si
927 2741 1009 2803 opus
1039 2714 1095 2796 erit,

50 2816 83 2864 ιι
104 2799 276 2870 dimicabit
321 2804 489 2869 Occultum
516 2803 640 2869 facinus
668 2827 738 2869 esse
759 2768 915 2890 potderit,
943 2804 1096 2906 gaudebit

103 2892 319 2977 deprehensus
347 2913 475 2959 omnem
503 2914 641 2978 poenam
672 2896 864 2958 contemnet.
918 2894 993 2959 Erit
1023 2893 1098 2959 enim

102 2982 240 3047 instruct
240 3005 278 3046 us
302 2980 343 3045 ad
360 2983 498 3045 mortem
521 2981 799 3064 contemnendam,
822 2981 864 3046 ad
887 2983 1046 3061 exsilium,
1066 2979 1099 3046 ad

102 3069 209 3153 ipsum
236 3070 334 3135 etiam
362 3068 514 3133 dolorem.
564 3067 665 3170 Quem
693 3031 822 3153 quidein
849 3092 920 3153 vos,
950 3092 1025 3136 oum
1049 3071 1101 3135 ιιιι-

101 3157 212 3241 probis
244 3179 382 3241 poenam
413 3156 608 3240 proponitis,
640 3158 742 3241 impet
728 3157 855 3222 tibilem
885 3158 1009 3244 facitis,
1037 3181 1102 3226 cum

103 3245 281 3329 sapientem
300 3265 426 3326 semper
443 3243 521 3308 boni
538 3245 611 3328 plus
629 3245 747 3310 habere
765 3245 874 3331 vultis,
892 3211 1102 3313 tolerabilem

52 3345 93 3408 18
170 3330 234 3398 Sed
263 3333 349 3416 finge
380 3354 446 3398 non
473 3332 578 3397 solum
610 3333 762 3398 callidum
790 3356 876 3417 cum,
902 3335 959 3419 qui
990 3334 1102 3422 aliquid

102 3420 249 3504 improbe
280 3420 393 3504 faciat,
414 3441 540 3486 ¹verum
572 3421 670 3486 etiam
702 3384 960 3507 praepoteritem,
997 3429 1036 3490 ut
1069 3424 1102 3491 bl

92 3504 233 3574 Crassus
264 3508 342 3598 fuit,
375 3508 431 3598 qui
462 3512 574 3578 tamen
610 3509 737 3576 solebat
766 3511 816 3575 uti
848 3531 905 3576 suo
938 3511 1102 3600 bono,u
1078 3538 1102 3582 u
