2356 3870
102 165 167 229 316
297 165 596 221 nusouasuasmr
614 143 917 222 nmruramomm

102 329 245 392 omnium
280 349 387 392 rerum
419 327 633 393 humanarum
665 329 906 411 contemptione
938 350 976 393 ac
1007 329 1106 413 despi-

102 416 221 480 cientia
243 421 276 480 et
298 417 332 480 in
356 417 444 481 omni
466 416 586 481 virtute
608 437 777 499 ponamus.
821 414 908 481 Nam
929 438 1016 482 nunc
1042 419 1106 502 qui·

102 504 174 568 dem
206 504 461 589 cogitationibus
493 504 693 569 mollissimis
726 504 963 588 effeminamur,
1001 509 1050 585 ut,
1081 507 1107 570 si

103 596 178 656 ante
197 614 284 656 mors
303 591 466 677 adventet,
485 614 583 677 quam
602 590 838 657 Chaldaeorum
856 594 1021 676 promissa
1038 615 1107 658 con·

103 681 205 745 secuti
226 702 349 760 sumus,
368 681 500 765 spoliati
517 680 646 766 magnis
666 680 858 765 quibusdam
880 682 991 765 bonis,
1013 683 1134 747 inlusis

50 790 83 839 es
104 768 314 853 destitutique
341 769 514 834 videamur.
569 770 691 857 Quodsi
723 771 938 853 exspectando
967 774 1002 834 et
1031 770 1108 836 desi-

104 857 244 922 derando
272 858 448 940 pendemus
477 858 607 941 animis,
638 858 832 940 cruciamur,
859 858 1025 943 angimur,
1054 881 1108 943 pro

104 946 136 1010 di
163 946 364 1010 inmortales!
392 967 489 1029 quam
516 945 597 1010 illud
622 947 685 1010 iter
714 946 888 1011 iucundum
914 968 986 1011 esse
1010 946 1108 1025 debet

103 1055 166 1117 quo
190 1033 337 1099 confecto
361 1035 452 1098 nulla
473 1034 598 1118 reliqua
621 1056 709 1117 cura,
735 1034 828 1099 nulla
850 1034 1036 1101 sollicitudo
1064 1035 1108 1100 fa·

102 1127 178 1186 tura
200 1122 255 1186 sit!
293 1120 398 1198 Quam
420 1143 471 1186 me
494 1123 633 1186 delectat
653 1121 882 1188 Theramenes!
906 1144 1005 1206 quam
1028 1124 1135 1188 elatou

104 1210 211 1275 animo
239 1211 301 1274 est!
346 1209 420 1274 Etsi
449 1210 535 1274 enim
562 1210 687 1291 flemus,
719 1231 792 1274 oum
819 1211 973 1295 legimus,
1004 1215 1108 1279 tamen

93 1319 169 1362 ¹non
191 1297 421 1370 miserabiliter
442 1299 493 1362 vir
514 1298 620 1362 clarus
644 1299 808 1363 emoritur.
854 1298 917 1375 Qui
943 1320 1018 1364 cum
1040 1320 1108 1365 con·

102 1387 204 1450 iectus
227 1386 440 1451 incurrerem
459 1386 595 1472 triginta
616 1386 706 1451 iussu
722 1390 936 1469 tyrannorum
953 1397 1109 1454 sensnum

102 1478 140 1538 ut
162 1474 276 1538 sitiens
300 1474 501 1557 obduxisset,
523 1474 682 1558 reliquum
704 1474 750 1538 sic
773 1497 790 1538 e
812 1475 927 1558 poculo
952 1476 1056 1555 eiecit,
1077 1480 1110 1540 ut

102 1562 136 1625 id
158 1566 340 1645 resonaret,
363 1583 426 1645 quo
450 1563 560 1627 sonitu
581 1563 706 1627 reddito
730 1561 880 1627 adridens
903 1562 1139 1649 ‘Propino’,s

102 1651 220 1735 inquit,
252 1649 340 1714 ‘hoc
370 1650 532 1732 pulchro
560 1647 738 1734 Oritiae',
766 1651 821 1735 qui
847 1650 886 1715 in>
905 1673 980 1716 eum
1006 1651 1110 1716 fuerat

103 1739 316 1803 taeterrimus.
366 1736 481 1802 Graeci
509 1739 595 1802 enim
621 1739 659 1803 ia
689 1739 844 1803 conviviis
876 1739 983 1805 solent
1011 1741 1110 1805 nomi·

103 1848 194 1909 nare,
221 1827 273 1890 cui
299 1826 451 1909 poculum
478 1826 630 1890 tradituri
654 1827 729 1891 sint.
773 1825 866 1890 Lusit
889 1827 939 1891 vir
963 1829 1109 1914 egregias

104 1919 247 1979 extremo
263 1914 389 1997 spiritu,
403 1935 475 1978 cum
484 1915 550 1978 iam
563 1913 760 1997 praecordiis
771 1918 960 1998 conceptam
974 1922 1108 1982 mortem

104 2004 297 2084 contineret,
319 2023 456 2086 vereque
475 2001 519 2084 ei,
542 2002 594 2066 oui
611 2024 770 2066 venenum
788 2003 1007 2086 praebiberat,
1031 2025 1140 2069 mor-u

101 2094 170 2154 tem
203 2111 273 2153 eam
306 2093 357 2152 est
389 2092 579 2175 auguratus,
613 2112 694 2173 quae
726 2089 817 2156 brevi
849 2098 1025 2156 consecuta
1056 2098 1109 2157 est

51 2199 83 2246 97
105 2177 183 2253 Quis
210 2177 296 2241 banc
323 2178 457 2241 maximi
485 2177 585 2242 animi
612 2179 809 2263 aequitatem
839 2179 876 2242 in
905 2181 979 2262 ipsa
1011 2185 1109 2246 morte

104 2265 264 2342 laudaret,
294 2265 321 2328 si
344 2268 482 2329 mortem
505 2265 626 2329 malum
654 2264 833 2330 iudicaret?
856 2269 877 2348 †
900 2265 1004 2332 Vadit
1029 2269 1108 2333 enim

104 2355 138 2418 in
170 2353 305 2418 eundem
336 2374 496 2417 carcerem
528 2355 629 2436 atque·
660 2354 694 2417 in
726 2353 859 2418 eundem
894 2357 1009 2438 paucis
1041 2359 1108 2440 post

104 2442 197 2506 annis
222 2440 380 2524 scyphum
404 2439 555 2505 Socrates
576 2441 688 2505 eodem
716 2441 838 2506 scelere
865 2442 1025 2527 iudicum,
1051 2462 1135 2528 quoa

103 2537 316 2613 tyrannorum
338 2528 565 2593 Theramenes.
607 2527 696 2604 Quae
719 2533 769 2592 est
790 2530 892 2613 igitur
910 2531 981 2596 eius
999 2533 1107 2613 oratio,

105 2640 168 2701 qua
195 2618 274 2682 facit
302 2638 375 2681 eum
401 2616 495 2681 Plato
522 2638 616 2680 usum
643 2616 729 2700 apud
758 2617 882 2698 iudices
911 2618 978 2682 iam
1011 2624 1107 2685 morta

104 2704 301 2771 multatum?

49 2799 91 2861 41
171 2792 308 2877 ‘Magna
326 2791 403 2875 me',
421 2791 536 2876 inquit,
556 2791 646 2875 ‘spes
664 2795 762 2875 tenet,
779 2792 911 2875 iudices,
931 2793 1017 2860 bene
1036 2792 1104 2859 mihi

103 2881 242 2963 evenire,
269 2881 354 2962 quod
382 2881 496 2944 mittar
523 2879 564 2943 ad
590 2884 736 2943 mortem.
781 2878 922 2945 Necesse
950 2886 1002 2947 est
1028 2883 1131 2947 enims

104 2969 148 3033 sit
171 2969 309 3032 alterum
332 2968 371 3031 de
394 2963 532 3051 duobus,
559 2971 597 3030 ut
624 2971 682 3031 aut
708 2989 825 3032 sensus·
846 2969 980 3036 omnino
1004 2988 1103 3036 omnes

103 3077 189 3121 mors
221 3054 347 3119 auferat
376 3060 433 3120 aut
462 3057 497 3119 in
527 3057 628 3120 alium
658 3055 820 3139 quendam
851 3056 961 3122 locum
991 3078 1032 3122 ex
1061 3056 1103 3121 his

103 3145 183 3209 loeis
206 3146 310 3206 morte
333 3143 500 3227 migretur.
537 3141 640 3218 Quam
663 3144 706 3207 ob
730 3164 810 3227 rem,
834 3143 902 3208 sire
925 3167 1039 3211 sensus
1060 3165 1102 3208 er·

49 3245 52 3254 ’
102 3231 264 3314 tinguitur
286 3251 437 3313 morsque
461 3230 491 3293 ei
510 3252 623 3296 somno
646 3231 762 3295 similis
773 3234 845 3313 est,
866 3233 924 3315 qui
940 3255 1008 3299 non
1023 3251 1102 3298 nan·

102 3341 199 3404 quam
213 3319 310 3382 etiam
321 3319 389 3382 sins
399 3318 478 3381 visis
490 3319 689 3384 somniorum
702 3319 958 3403 placatissimam
972 3321 1128 3406 quietem*

103 3407 221 3491 adfert,
243 3406 276 3470 di
298 3406 388 3483 boni,
411 3405 489 3489 quid
511 3405 593 3470 lucri
612 3410 662 3470 est
680 3407 795 3472 emori!
819 3410 877 3471 aut
900 3429 998 3491 quem
1018 3401 1102 3473 multi

102 3496 170 3560 dies
193 3494 329 3578 reperiri
351 3496 501 3578 possunt,
524 3494 579 3578 qui
601 3494 662 3558 tali
683 3494 770 3560 nocti
790 3498 1039 3580 anteponantur,
1059 3489 1100 3559 cai
