2346 3876
125 153 190 215 274
287 153 335 207 DE
354 144 498 207 FINIBUS
517 149 695 222 BONQRUM
713 150 760 204 ET
779 149 964 205 MALORUM

124 315 154 379 si
177 315 313 379 somelt
299 315 425 380 tristior
448 314 542 378 effect
528 317 579 378 tus
603 317 665 396 est,
693 312 796 376 hilara
819 312 890 376 vite
918 310 1039 376 amissa
1061 311 1124 376 est?
1165 394 1167 399 Ι

125 403 171 466 At
201 403 304 468 hoc
295 425 329 467 m
361 425 398 468 eo
431 401 475 466 M.
507 400 638 483 Crasso,
671 422 765 485 quem
796 399 974 465 semelt
926 399 974 464 ait
1005 399 1040 463 in
1065 400 1125 463 rita
1165 414 1167 425 ·

125 491 237 556 risisse
266 491 421 573 Lucilius,
452 512 517 555 non
549 452 700 641 contigtit,
732 491 834 552 ntea
864 509 900 552 re
928 488 1035 552 minus
1061 482 1123 569 ἀγέ-

126 584 258 660 λαστος,
281 583 319 643 ut
341 579 388 643 ait
410 541 508 661 idem,
531 582 660 642 vocaret
661 599 706 640 ur.
752 569 975 660 Polycratem
991 574 1123 641 Samium

124 669 249 732 felicem
273 690 292 731 a
292 667 525 752 ppellabant
537 663 628 730 Nihil
656 663 816 729 acciderat
843 663 887 747 ci,
916 663 1003 748 quod
1025 664 1123 744 nollet,
1132 688 1142 724 ι

124 757 187 820 nisi
179 755 290 839 quod
308 755 440 819 anulum
445 776 537 838 ,quo
556 751 817 835 delectabatur,
807 774 842 816 ιιι
859 752 945 816 mari
964 752 1123 816 abiecerat

125 843 194 928 Erg
173 865 213 907 co
240 843 355 907 infelix
382 864 446 907 una
473 841 635 922 molestia,
660 840 740 904 felix
762 861 888 924 rursus,
919 862 993 906 cum
1015 840 1042 904 is
1064 839 1124 923 ipse

126 932 277 996 anulus'
267 954 301 994 m
323 930 519 1014 praecordiis
548 929 644 1013 piscis
667 928 818 992 inventus
844 927 917 993 est?
962 927 1026 992 Ille
1048 949 1123 1008 vero,

126 1020 154 1084 si
172 1019 327 1103 insipiens
347 1017 447 1120 (quod
466 1021 560 1100 certe,
583 1016 735 1102 quoniam
753 1013 936 1102 tyrannus),
959 1037 1124 1102 numquam

125 1108 253 1190 beatus3
286 1108 314 1170 si
342 1106 485 1190 sapiens,
516 1126 557 1170 ne
584 1111 654 1169 tum
682 1103 812 1188 quidem
844 1104 957 1188 miser,
990 1126 1060 1169 cum
1090 1103 1124 1168 ab
1135 1126 1152 1163 ιι

126 1194 251 1278 Oroete,
270 1199 418 1277 praetore
436 1193 545 1277 Darei,
562 1194 597 1257 in
615 1214 740 1257 crucem
759 1195 849 1257 actus
864 1196 923 1258 est.
958 1190 1006 1256 At
1021 1191 1124 1257 multis

126 1282 221 1346 malis
260 1281 402 1346 affectus.
458 1281 538 1358 Quis
569 1280 690 1367 negat?
726 1281 781 1345 sed
813 1301 852 1344 ea
882 1280 972 1344 mala
1005 1280 1125 1346 virtutis

74 1430 93 1488 η
126 1369 349 1454 magnitudine
371 1371 599 1435 obruebantur.

72 1429 113 1553 '931
192 1459 245 1522 An
262 1481 303 1522 ne
320 1458 383 1522 hoc
400 1457 529 1543 quidem
546 1456 773 1542 Peripateticis
792 1455 950 1540 concedis,
971 1459 1011 1520 ut
1027 1457 1126 1522 dicant

127 1546 271 1610 omnium
289 1547 448 1611 bonorum
467 1546 619 1629 virorum,
637 1545 670 1609 id
689 1548 739 1609 est
757 1544 965 1628 sapientium,
986 1545 1125 1610 omnibus
1136 1565 1155 1605 u

125 1635 300 1700 virtutibus
329 1638 531 1716 ornatorum,
564 1635 666 1698 vitem
699 1633 848 1699 omnibus
879 1633 1032 1716 partibus
1062 1635 1126 1718 plus

124 1723 243 1788 habere
275 1743 402 1806 semper
432 1722 510 1786 boni
542 1744 637 1807 quam
670 1721 770 1785 mali?
827 1719 908 1797 Quis
938 1721 1004 1787 hoo
1036 1720 1126 1786 dicit?

126 1810 227 1876 Stoici
254 1811 387 1875 scilicet.
435 1808 585 1894 Minime3
613 1808 670 1874 sed
697 1809 752 1873 isti
779 1807 857 1893 ipsi,
884 1808 940 1894 qui
969 1810 1128 1894 voluptate

126 1902 159 1963 et
185 1899 294 1964 dolore
324 1899 434 1963 omnia
462 1899 652 1982 metiuntur,
683 1918 789 1962 nonne
821 1897 965 1961 clamant
997 1897 1128 1981 sapienti

125 1987 198 2069 plus
231 2009 357 2071 semper
384 1985 508 2070 adesse,
540 1985 624 2070 quod
656 1985 749 2069 velit,
780 2006 877 2069 quam
911 1985 999 2070 quod
1030 1983 1159 2050 nolitis

127 2073 208 2138 (lum
224 2078 357 2138 tantum
380 2075 481 2159 igitur
503 2074 538 2138 in
561 2075 681 2139 virtute
705 2076 828 2157 ponent
849 2073 886 2154 ii,
913 2075 970 2157 qui
992 2073 1129 2139 fatentur

127 2184 161 2225 se
197 2162 327 2226 virtutis
364 2184 474 2246 causa,
509 2162 573 2226 nisi
610 2183 649 2227 ea
684 2161 799 2245 volupt
800 2164 885 2226 atem
921 2160 1061 2245 faceret,
1095 2182 1130 2224 ne

126 2271 258 2314 manum
280 2250 407 2335 quidem
426 2272 575 2316 versuros
597 2250 712 2334 fuisse,
735 2248 812 2335 quid
832 2249 939 2313 facere
958 2272 1018 2314 nos
1044 2271 1129 2334 opor·

126 2341 174 2401 tet
179 2338 265 2422 ,qui
289 2339 435 2421 quamvis
459 2338 625 2402 minimam
648 2337 882 2422 praestantiam
908 2338 1009 2402 animi
1034 2335 1129 2403 omni·

126 2427 186 2491 bus
209 2426 303 2490 bonis
327 2427 470 2510 corporis
495 2427 615 2492 anteire
639 2425 796 2508 dicamus,
818 2429 856 2489 ut
878 2445 916 2490 ea
936 2447 979 2490 ne
1002 2426 1039 2490 in
1062 2447 1128 2490 con
1141 2448 1162 2487 ι

126 2517 239 2597 spectu
262 2515 389 2616 quidem
412 2514 657 2601 relinquantur?
698 2513 776 2590 Quis
800 2516 851 2578 est
873 2513 973 2615 enim,
995 2514 1053 2598 qui
1075 2513 1130 2577 hoc

126 2603 271 2666 cadere
261 2626 295 2667 m
305 2602 444 2705 'sapient
445 2624 495 2666 em
520 2602 623 2667 dicere
647 2600 777 2685 audeat,
800 2606 851 2686 ut,
876 2601 905 2666 si
928 2601 999 2666 fieri
1021 2601 1131 2686 possit,

125 2690 312 2754 virtutem
301 2713 335 2754 m
358 2694 549 2775 perpetuum
569 2690 702 2773 abiciat,
725 2692 762 2753 ut
783 2689 893 2755 dolore
913 2689 1001 2755 omni
1022 2689 1131 2754 libere-

125 2777 200 2840 tur?
238 2776 317 2853 Quis
339 2781 487 2842 nostrum
510 2777 641 2862 dixerit,
664 2799 744 2860 quos
767 2799 832 2842 non
855 2776 956 2862 pudet
978 2798 1031 2861 ea,
1054 2797 1131 2863 qnae

126 2861 225 2926 Stoici
244 2886 358 2948 aspera
377 2866 500 2949 dieunt,
524 2866 610 2930 mala
628 2865 747 2948 dicere,
770 2864 886 2930 melius
906 2886 976 2929 esse
994 2867 1131 2949 turpiter
1144 2890 1165 2929 ιι

127 2949 249 3033 aliquid
276 2951 382 3016 facere
410 2975 483 3018 cum
511 2954 677 3037 voluptate
700 2973 796 3037 quam
824 2953 960 3018 honeste
985 2975 1058 3019 cum
1082 2953 1132 3018 do

72 3050 107 3098 94
127 3037 216 3101 lore?
261 3037 365 3104 Nobis
387 3039 596 3105 Heracleotes
619 3041 674 3105 ille
697 3039 871 3126 Dionysius
899 3041 1061 3126 flagitiose
1084 3041 1134 3106 de·

128 3125 258 3190 scivisse
286 3126 412 3191 videtur
439 3150 459 3192 a
482 3126 600 3193 Stoicis
629 3151 710 3213 prop
712 3133 761 3193 ter
784 3130 951 3195 oculorum
982 3128 1135 3196 dolorem

127 3212 227 3288 Quasi
250 3234 324 3277 vero
348 3213 409 3279 hoc
432 3214 597 3282 didicisset
621 3217 803 3301 aZenonc,
826 3239 892 3283 non
915 3216 1040 3301 dolere,
1064 3241 1135 3283 cum

127 3299 262 3364 doleret!
312 3300 397 3365 Illud
425 3301 570 3367 audierat
596 3326 656 3370 neo
684 3309 792 3370 famen
815 3303 984 3388 didicerat,
1014 3308 1167 3372 malumu:

126 3386 208 3451 illud
233 3408 300 3452 non
328 3410 411 3474 esse,
437 3390 514 3493 quia
540 3395 634 3476 turpe
661 3416 728 3458 non
756 3397 855 3478 esset,
882 3398 916 3457 et
937 3415 1009 3459 esse
1033 3395 1137 3460 fcren-

124 3474 200 3538 dum
226 3475 304 3542 riro.
349 3476 462 3546 Hic
435 3500 464 3544 ει
486 3478 720 3565 Peripatet1eus
742 3481 872 3565 fuisset,
895 3483 1139 3567 permansisset,
