2346 3876
97 171 165 236 460
292 169 589 226 TUSCULANARUM
608 170 919 228 DISPUTATIONUM

99 333 212 410 ‘Quid
235 332 368 415 alind',
390 333 496 417 inquit
518 331 725 417 Aristoteles,
748 332 805 399 ‘in
828 336 957 420 bovis,
979 337 1102 402 nonin

99 421 203 506 regis
236 421 414 504 sepulcro
446 420 704 485 inscriberes?
758 421 865 487 Haec
898 423 1040 489 habere
1069 445 1102 488 sc

99 512 291 574 mortuum
317 507 426 591 dicit,
454 530 549 592 quae
575 529 620 572 ne
647 509 757 573 vivus
787 510 944 592 quidem
968 513 1102 577 diutius

49 619 99 669 102
122 597 292 662 habebat
309 617 420 681 quam
440 594 661 660 fruebatur?
698 593 765 661 Cur
781 597 886 682 igitur
905 599 1038 665 divitiae
1057 600 1100 664 de·

101 686 294 762 siderentur,
321 687 378 748 aut
404 683 461 748 ubi
490 687 666 768 paupertas
688 684 803 749 beatus
828 707 901 751 esse
923 709 993 752 non
1015 685 1118 752 sinitlr

102 771 224 858 Signis,
247 772 355 855 oredo,
376 776 405 835 ct
426 771 548 836 tabulis
576 770 696 836 studes.
742 769 776 836 Si
799 773 875 857 quis
897 779 962 858 est,
986 775 1107 861 quibis

102 861 287 943 delectetur,
302 879 410 924 nonne
424 858 539 923 melius
558 862 670 924 tenues
684 859 833 925 homines
845 861 1004 928 fruuntur
1019 883 1102 946 quam

101 948 160 1031 illi,
178 949 233 1032 qui
250 947 291 1011 iis
310 945 497 1010 abundant?
529 946 592 1011 Est
609 948 696 1011 enim
714 968 824 1011 earum
840 970 954 1014 rerum
972 951 1103 1015 omnium

101 1038 136 1101 in
165 1039 278 1101 nostra
305 1035 385 1098 urbe
414 1055 540 1098 summa
568 1035 605 1099 in
629 1034 759 1118 publico
786 1037 891 1121 copia
938 1037 1029 1114 Quae
1056 1036 1102 1121 qui
1147 1088 1149 1121 ,

101 1124 255 1207 privatim
277 1122 412 1204 habent,
433 1143 493 1186 nec
515 1125 584 1186 tam
606 1122 710 1187 multa
732 1126 765 1187 et
785 1145 860 1189 raro
884 1124 1011 1207 vident,
1039 1140 1149 1191 cuma}

102 1213 136 1275 in
154 1232 212 1274 sua
229 1231 305 1273 rura
322 1212 493 1292 venerunt,
513 1232 593 1293 quos
612 1213 722 1274 tanam
738 1212 857 1295 pungit
875 1213 1011 1298 aliquid,
1033 1235 1104 1295 cum,

101 1299 159 1362 illa
177 1296 261 1361 unde
277 1296 433 1398 habeant,
451 1298 669 1362 recordantur.
704 1296 780 1362 Dies
799 1299 945 1401 deficiat,
969 1302 999 1365 si
1016 1301 1104 1366 velim

101 1385 1104 1561 {tttttllttsstt,histriatis‘abtauit

103 1562 213 1645 parvis
235 1561 332 1625 rebus
355 1563 462 1645 egeat,
485 1582 583 1645 quam
604 1560 732 1625 vilibus.
1114 1581 1133 1624 ιε

50 1630 93 1693 36
168 1647 256 1713 Num
286 1647 388 1733 igitur
418 1648 608 1732 ignobilitas
640 1652 697 1713 aut
723 1647 891 1714 humilitas
922 1657 981 1716 aut
1015 1652 1105 1717 etiam

51 1707 270 1888 ¹⁰³populams
294 1735 427 1887 oqfensio
451 1737 629 1888 sapieqtqm
656 1736 788 1886 beaturln
811 1759 891 1890 esset
905 1736 1105 1889 plrohibebitl

104 1846 275 1995 uhtedi,
292 1845 629 1996 hartrat?
643 1845 892 1996 diligiti
926 1847 1106 1999 atat?

103 1998 274 2064 Leviculus
302 2021 380 2064 sane
406 2002 516 2063 noster
542 1997 791 2082 Demosthenes,
819 2001 874 2083 qui
897 2001 957 2066 illo
982 2022 1135 2067 susurros

105 2086 257 2151 delectari
290 2108 324 2150 se
355 2086 484 2151 dicebat
510 2108 628 2170 aquam
661 2085 795 2151 ferentis
821 2088 1045 2175 mulierculae,
1073 2093 1106 2154 ut

104 2195 175 2237 mos
198 2173 234 2236 in
252 2172 387 2237 Graecia
409 2176 472 2256 est,
495 2174 790 2258 insusurrantisque
809 2175 918 2240 alteri:
941 2175 1031 2243 ‘Hic
1053 2179 1106 2242 est

104 2261 173 2325 ille
196 2260 496 2347 Demosthenes?
541 2261 624 2336 Quid
647 2261 709 2327 hoc
731 2262 857 2327 levius?
896 2262 950 2329 ,At
973 2269 1104 2351 quantus

105 2349 226 2414 orator!
272 2347 334 2414 Sed
357 2349 441 2432 apud
463 2349 545 2414 alios
568 2350 658 2434 loqui
679 2348 830 2415 videlicet
851 2350 1023 2437 didicerat,
1047 2374 1106 2417 non

52 2458 104 2507 104
126 2438 264 2501 multum
295 2437 364 2520 ipse
397 2458 513 2502 secum.
562 2436 817 2522 Intellegendum
844 2443 895 2503 est
923 2440 1026 2525 igitur
1052 2458 1136 2505 neos

104 2525 241 2610 gloriam
272 2525 459 2608 popularem
491 2525 596 2609 ipsam
623 2547 680 2608 per
707 2546 777 2590 sese
809 2528 1024 2609 expetendam
1052 2549 1106 2593 nec

104 2612 345 2698 ignobilitatem
368 2612 644 2677 extimescendam.
690 2612 802 2702 ‘Veni
828 2613 1035 2700 Athenas',
1062 2617 1106 2680 in-

104 2701 175 2784 quit
192 2699 407 2786 Democritus,
430 2699 564 2784 ‘neque
587 2721 642 2764 me
666 2700 867 2784 quisquam
888 2702 946 2767 ibi
970 2704 1106 2788 adgno-

105 2786 182 2852 vit?
227 2787 438 2854 Constantem
460 2788 625 2852 hominem
647 2792 681 2852 et
702 2807 847 2872 gravem,
874 2790 930 2872 qui
952 2792 1107 2876 glorietur

106 2897 125 2939 a
152 2874 258 2958 gloria
285 2896 319 2939 se
348 2876 480 2940 afuisse!
531 2877 584 2940 An
609 2874 759 2939 tibicines
785 2876 886 2960 iique,
914 2879 970 2962 qui
993 2879 1139 2943 fidibuss

105 2965 252 3044 utuntur,
275 2983 346 3045 suo,
372 2984 438 3028 non
460 2963 677 3028 multitudinis
701 2963 837 3028 arbitrio
863 2969 979 3030 cantus
1001 2987 1107 3031 nume·

105 3070 223 3133 rosque
254 3047 474 3133 moderantur,
505 3051 555 3115 vir
586 3050 728 3134 sapiens,
755 3051 857 3116 multo
887 3055 957 3116 arte
990 3055 1108 3119 maiore

106 3136 284 3220 praeditus,
314 3156 380 3200 non
412 3137 489 3219 quid
519 3138 722 3203 verissimum
754 3139 810 3221 sit,
842 3139 898 3203 sed
930 3141 1008 3223 quid
1034 3142 1109 3206 velit

106 3225 235 3308 vulgus,
258 3223 423 3306 exquiret?
467 3225 521 3290 An
546 3227 717 3310 quicquam
740 3227 870 3291 stultius
893 3249 1006 3314 quam,
1031 3249 1108 3314 quos

107 3312 253 3396 singulos
282 3313 366 3376 sicut
394 3313 558 3397 operarios
585 3314 803 3397 barbarosque
826 3317 1031 3400 contemnas,
1056 3337 1141 3381 eosu

108 3398 227 3483 aliquid
249 3403 363 3484 putare
386 3404 455 3464 ess'e
478 3401 666 3466 universos?
712 3401 772 3465 Ille
793 3422 868 3466 vero
891 3406 1022 3469 nostras
1045 3426 1110 3469 am·

102 3487 245 3556 ditiones
280 3489 494 3577 levitatesque
535 3491 719 3554 contemnet
759 3488 959 3572 honoresque
999 3491 1110 3576 populi
