2356 3870
101 150 166 213 372
296 148 594 204 TUSCULANARUM
612 149 917 206 DISPUTATIONUM

167 310 283 388 Quem
316 312 584 395 aspectabant,
616 309 723 377 cuius
755 312 801 377 ob
835 334 875 378 os
905 312 1012 379 Graii
1041 317 1098 380 ora

649 399 910 467 obvertebant
933 402 1022 467 sue?

47 535 82 584 40
102 516 224 592 Quodsi
247 516 312 598 cui,
335 517 372 579 ut
394 515 441 579 ait
462 514 561 599 idem,

168 629 281 695 simul
305 629 454 693 sinimus
478 650 560 693 eum
582 650 621 692 re
643 628 828 714 concidit,

101 776 121 817 e
143 754 297 838 gravibus
320 752 386 816 illis
405 751 548 835 antiquis
569 751 773 836 philosophis
795 754 936 836 petenda
954 753 1102 819 medicina

102 844 164 924 est,
186 863 252 905 non
272 842 312 905 ab
335 840 387 903 his
406 839 606 923 voluptariis.
643 839 747 915 Quam
766 841 850 904 enim
872 842 930 906 isti
953 842 1120 907 bonorums

102 929 229 1012 copiam
252 927 382 992 dieunt?
433 926 498 992 Fac
522 948 599 991 sane
623 949 693 992 esse
716 950 877 993 summum
901 929 1024 995 bonum
1044 952 1103 994 non

102 1017 210 1081 dolere
238 1014 446 1101 (quamquam
473 1015 507 1078 id
529 1036 597 1080 non
619 1019 753 1080 vocatur
774 1017 939 1101 voluptas,
969 1019 1104 1082 sednon

100 1126 229 1168 necesse
248 1109 298 1167 est
314 1124 399 1167 nunc
417 1101 552 1186 omnia);
572 1103 645 1166 idne
665 1106 728 1181 est,
746 1124 808 1186 quo
827 1103 970 1169 traducti
987 1107 1102 1171 luctum

101 1190 265 1255 levemus?
316 1189 366 1254 Sit
398 1213 474 1255 sane
507 1213 667 1256 summum
699 1193 820 1255 malum
852 1191 977 1277 dolere3
1009 1195 1043 1258 in
1072 1215 1104 1257 eo

101 1279 202 1363 igitur
225 1279 368 1361 quinon
391 1282 455 1361 est,
478 1279 507 1342 si
525 1279 610 1342 malo
630 1282 751 1362 eareat,
775 1280 971 1345 continuone
993 1281 1131 1345 fruitura

48 1387 81 1436 41
102 1387 226 1431 summo
245 1365 355 1431 bono?
392 1364 476 1440 Quid
493 1366 758 1451 tergiversamur,
775 1366 931 1450 Epicure,
954 1391 1015 1435 nee
1032 1370 1104 1433 fatc-

101 1476 173 1518 mur
197 1476 268 1518 eam
290 1476 349 1518 nos
374 1453 477 1518 dicere
499 1455 712 1537 voluptatem,
736 1476 832 1538 quarn
854 1459 891 1520 tu
914 1456 1016 1541 idern,
1041 1479 1105 1521 cum

102 1564 137 1608 os
169 1542 379 1626 perfricuisti,
413 1543 496 1606 soles
529 1542 653 1606 dicere?
708 1540 791 1606 Sunt
817 1543 899 1607 haec
926 1547 986 1609 tua
1015 1545 1106 1608 verba

100 1631 223 1695 necne?
281 1629 320 1694 In
351 1651 388 1693 eo
421 1628 551 1713 quidem
583 1629 682 1712 libro,
721 1630 775 1715 qui
808 1631 953 1696 continet
986 1654 1106 1697 omnem

101 1719 303 1801 disciplinam
330 1721 434 1799 tuam,
464 1715 597 1801 (fungar
624 1719 710 1781 enim
736 1719 801 1782 iam
829 1719 1016 1802 interpretis
1045 1741 1134 1784 mua

101 1828 190 1886 nere,
220 1827 261 1870 ne
294 1805 365 1890 quis
398 1826 448 1868 me
480 1809 573 1888 putet
604 1802 739 1888 fingere)
772 1805 852 1870 dieis
884 1806 978 1872 haec:
1021 1807 1106 1872 ‘Nee

103 1893 278 1979 equidem
301 1893 436 1977 habeo,
464 1892 562 1975 quod
584 1892 813 1977 intellegam
836 1895 978 1960 bonum
1001 1896 1107 1978 illud,

103 1982 308 2046 detrahens
348 2002 411 2045 eas
448 1979 686 2064 voluptates,
722 2002 817 2063 quae
854 2004 994 2066 sapore
1030 2005 1108 2068 per·

103 2070 313 2152 cipiuntur,
340 2068 547 2133 detrahens
576 2089 652 2151 eas,
681 2089 775 2152 quae
807 2070 942 2134 auditu
967 2075 1004 2135 ct
1028 2092 1108 2136 ean·

103 2159 222 2239 tibus,
259 2155 467 2220 detrahens
505 2177 567 2220 eas
604 2156 734 2240 etiam,
771 2178 866 2240 quae
899 2179 943 2221 ex
978 2159 1137 2223 formisu

103 2245 373 2330 percipiuntur
392 2243 528 2320 oeulis,
548 2243 676 2307 suavis
695 2245 898 2329 motiones,
918 2246 1001 2311 sive
1020 2269 1109 2332 quae

104 2333 204 2398 aliae
223 2331 444 2414 voluptates
463 2332 502 2394 in
520 2332 603 2395 toto
622 2330 776 2397 homine
794 2333 1010 2416 gignuntur
1025 2356 1109 2419 quo·

103 2422 202 2486 libet
234 2442 359 2503 sensu,
391 2440 458 2483 nec
489 2439 576 2484 vero
607 2419 663 2483 ita
696 2419 771 2483 dici
799 2424 945 2503 potest,
974 2422 1109 2487 mentis

102 2509 299 2574 laetitiam
341 2508 463 2572 solam
499 2527 581 2571 esse
622 2506 662 2571 in
702 2506 826 2571 bonis.
886 2507 1110 2574 Lactantem

104 2598 202 2663 enim
239 2599 403 2661 mentem
438 2595 496 2658 ita
531 2594 637 2659 novi:
674 2615 738 2677 spe
771 2616 899 2658 eorum
933 2599 1138 2679 omnium,u

105 2708 198 2770 quae
235 2706 351 2768 supra
387 2682 478 2761 dixi,
514 2681 595 2746 fore
631 2685 673 2745 ut
703 2685 845 2746 natura
877 2683 926 2748 iis
960 2685 1109 2769 potiens

51 2795 85 2842 42
105 2775 240 2838 dolore
278 2769 428 2836 eareat?
487 2769 593 2852 Atque
629 2769 709 2833 haec
745 2769 873 2853 quidem
909 2770 962 2836 his
999 2773 1111 2852 verbis,

105 2861 210 2946 quivis
233 2863 270 2925 ut
291 2859 474 2943 intellegat,
497 2879 594 2941 quam
619 2857 820 2940 voluptatem
841 2858 931 2923 norit
949 2858 1111 2944 Epicurus.

106 2948 230 3014 Deinde
257 2947 354 3031 paulo
382 2947 479 3010 infra:
512 2943 646 3028 ‘Saepe
673 2940 876 3029 quaesivi'‚
907 2946 1028 3032 inquit,
1058 2947 1112 3011 ‘ex

105 3038 169 3120 iis,
204 3035 269 3119 qui
301 3033 600 3116 appellabantur
633 3033 845 3116 sapientes,
878 3034 969 3117 quid
1001 3033 1142 3099 habe-a

105 3127 205 3206 rent,
238 3121 337 3206 quod
369 3120 407 3184 in
437 3121 550 3186 bonis
582 3119 857 3204 relinquerent,
891 3121 924 3184 si
957 3122 1027 3186 illa
1056 3123 1112 3186 de·

105 3211 334 3290 traxissent,
352 3208 428 3271 nisi
448 3207 480 3271 si
498 3207 643 3272 vellent
666 3228 777 3272 voces
795 3208 923 3272 inanis
941 3209 1112 3292 fundere;

107 3299 207 3365 nihil
231 3299 276 3363 ab
299 3297 350 3360 iis
373 3296 483 3379 potui
506 3315 745 3379 cognoscere.
798 3294 869 3370 Qui
893 3296 926 3360 si
949 3297 1112 3362 virtutes

106 3386 271 3452 ebullire
304 3384 436 3449 volent
468 3386 505 3448 et
537 3383 764 3466 sapientias,
795 3382 896 3447 nihil
925 3385 1031 3450 aliud
1060 3386 1113 3449 di·

106 3477 193 3540 cent
216 3474 293 3540 nisi
318 3494 398 3538 eam
421 3472 533 3554 viam,
556 3493 628 3555 qua
646 3469 877 3536 efficientur
898 3493 964 3539 eae
982 3473 1144 3557 volup-s
