2346 3876
291 114 360 170 LIB.
378 116 412 170 ll.
445 115 521 172 GAP.
541 121 655 172 36-38.
683 123 698 183 5
718 124 874 175 lle-120.
1045 119 1087 184 73

74 277 152 341 bata
180 277 301 361 figura3
332 275 538 343 Parmenides
568 279 691 365 ignem,
723 280 778 364 qui
801 285 930 346 moveat
956 285 1087 364 terram,

75 387 155 449 quae
191 365 233 429 ab
265 385 303 430 eo
335 365 508 450 formetur3
539 366 720 451 Leucippus
752 368 882 451 plenum
912 373 945 433 et
976 371 1086 453 inane3

73 451 284 518 Democritus
311 452 387 518 huic
418 454 453 518 in
481 455 544 520 hoe
571 456 702 539 similis,
734 456 864 520 uberior
895 456 930 519 in
957 459 1087 541 ceteris;

73 540 292 626 Empedocles
314 541 395 606 lraee
418 543 610 628 pervolgata
633 547 665 607 et
686 547 765 608 nota
788 547 955 629 quattuor3
984 544 1087 610 Hera·

49 629 172 695 solitus
200 630 326 714 ignem,
358 630 510 695 Melissus
536 631 611 716 hoc,
644 631 730 716 quod
757 635 843 697 esset
869 633 1032 697 infinitum
1056 636 1090 698 et

74 717 295 801 immutabile,
326 720 359 782 et
385 717 485 783 fuisse
509 740 636 802 semper
659 723 693 784 et
718 719 797 785 fore.
841 720 936 785 Plato
960 743 998 785 ex
1021 744 1088 786 ma·

74 806 156 870 teria
190 806 226 870 in
258 827 294 870 se
326 805 434 870 ornnia
464 807 639 890 recipiente
670 808 826 872 mundum
861 807 984 873 factum
1017 831 1087 873 esse

74 896 187 959 censet
209 915 230 958 a
252 893 313 960 deo
336 894 574 978 sempiternum.
607 895 806 981 Pythagorei
830 917 868 960 ex
889 898 1030 961 numeris
1055 901 1088 962 et

74 981 382 1047 mathematicorum
410 982 514 1047 initiis
546 984 708 1068 proficisci
736 984 851 1048 volunt
875 984 991 1049 omnia.
1036 985 1087 1050 Ex

42 1069 125 1138 rolris
149 1069 253 1155 eliget
275 1072 382 1135 vester
404 1071 531 1154 sapiens
554 1094 654 1136 unum
678 1073 832 1156 aliquem,
854 1073 961 1156 credo,
992 1095 1087 1158 quern

74 1162 246 1244 sequatur3
270 1158 369 1223 ceteri
390 1162 442 1224 tot
464 1159 526 1224 viri
549 1163 582 1225 et
603 1160 688 1227 tanti
710 1159 871 1245 repudiati
894 1161 991 1226 abeo
1012 1182 1084 1228 con-

73 1246 283 1331 demnatique
321 1246 494 1312 discedent.
544 1247 782 1332 Quamcumque
825 1270 905 1313 vero
938 1252 1140 1323 senten-119

73 1334 154 1399 tiam
179 1335 377 1419 probaverit,
400 1357 472 1400 eam
494 1335 540 1400 sie
565 1337 672 1401 animo
696 1358 920 1421 comprensam
942 1337 1086 1421 habebit,

74 1427 187 1507 ntea,
210 1444 293 1507 quae
317 1423 476 1507 sensibus,
504 1445 563 1489 nec
584 1425 689 1509 magis
714 1424 907 1508 adprobabit
930 1446 1016 1491 nunc
1037 1426 1086 1490 lu-

39 1537 61 1577 n
75 1533 157 1595 cere,
182 1532 291 1596 quam,
315 1511 468 1597 quoniam
492 1509 620 1576 Stoicus
644 1515 701 1596 est,
730 1512 815 1577 hunc
838 1511 992 1576 mundum
1016 1535 1086 1577 esse

74 1599 267 1683 sapientem,
290 1599 410 1663 habere
424 1602 573 1682 mentem,
597 1622 678 1685 quae
693 1602 726 1663 et
745 1622 778 1664 se
802 1604 834 1664 et
856 1600 964 1682 ipsum
986 1599 1086 1665 fabri·

74 1691 146 1752 cata
170 1687 216 1751 sit
240 1691 273 1752 et
295 1687 404 1752 omnia
426 1687 623 1771 moderetur,
650 1691 791 1769 moveat,
814 1691 916 1772 regat.
960 1686 1035 1752 Erit
1057 1689 1087 1752 ei

72 1796 268 1858 persuasum
287 1774 384 1839 etiam
408 1775 517 1859 solem,
539 1775 658 1859 lunam,
681 1776 793 1841 stellas
812 1797 934 1858 omnes,
957 1779 1087 1860 terram,

74 1885 164 1928 mare
188 1862 267 1928 deos
291 1883 376 1948 esse,
402 1863 488 1947 quod
510 1862 666 1946 quaedam
690 1862 840 1928 animalis
863 1863 1087 1949 intellegentia

40 1973 134 2035 aper
172 1951 283 2016 omnia
319 1972 358 2016 ea
397 1956 565 2035 permanet
601 1955 633 2014 et
668 1954 827 2034 transeat3
867 1951 937 2016 fore
978 1957 1088 2016 tamen

75 2039 266 2125 aliquando,
302 2044 340 2103 ut
372 2039 476 2104 omnis
513 2038 566 2104 hie
598 2039 735 2103 mundus
772 2041 886 2104 ardore
922 2039 1087 2125 deflagrat.
1125 2044 1135 2059 “

76 2126 150 2194 Sint
183 2128 251 2192 ista
286 2147 364 2192 vera
397 2125 500 2210 (vides
532 2126 618 2190 enim
652 2128 718 2191 iam
748 2148 799 2191 me
833 2127 929 2192 fateri
965 2129 1087 2213 aliquid
1097 2142 1140 2207 38

75 2237 145 2280 esse
163 2213 282 2300 reri),
324 2214 508 2298 comprendi
544 2236 582 2280 ea
616 2210 741 2280 tamen'
762 2219 795 2279 et
834 2217 958 2298 percipi
993 2237 1086 2300 nego.

76 2299 158 2368 Cum
182 2302 270 2367 enim
298 2307 374 2368 tuus
403 2303 467 2367 iste
491 2299 619 2367 Stoicus
649 2303 777 2386 sapiens
805 2303 996 2387 syllabatim
1025 2304 1087 2368 tibi

40 2411 63 2454 11
75 2391 140 2456 ista
169 2390 300 2475 dixerit,
331 2390 439 2455 veniet
465 2390 585 2455 flumen
608 2391 764 2457 orationis
788 2412 920 2455 aureum
949 2391 1086 2456 fundens

75 2478 284 2561 Aristoteles,
302 2478 357 2563 qui
370 2477 464 2543 illum
478 2478 623 2562 desipere
637 2479 739 2556 dicat3
761 2501 865 2562 nequo
880 2479 966 2541 enim
980 2482 1087 2542 ortum

75 2587 145 2632 esse
170 2588 325 2651 umquam
348 2567 510 2650 mundum,
533 2565 618 2651 quod
639 2567 731 2631 nulla
752 2566 850 2631 fuerit
872 2587 957 2631 novo
982 2567 1085 2630 consi·

74 2656 117 2720 lio
152 2654 237 2720 inito
271 2658 341 2719 tam
370 2654 528 2738 praeclari
556 2655 662 2738 operis
694 2655 850 2738 inceptio,
882 2657 915 2717 et
941 2653 989 2719 ita
1016 2676 1087 2719 esse

77 2765 150 2808 eum
173 2741 316 2829 undique
339 2745 460 2826 aptum,
482 2746 520 2807 ut
541 2742 633 2806 nulla
656 2743 704 2806 vis
726 2744 836 2807 tantos
860 2746 957 2827 queat
979 2746 1087 2808 motus

42 2852 66 2894 11
76 2831 355 2916 mutationemque
370 2830 488 2914 moliri,
510 2830 600 2894 nulla
614 2833 759 2894 senectus
780 2829 992 2895 diuturnitate
1006 2835 1086 2895 tern-

74 2940 192 3002 porum
216 2919 379 3003 exsistere,
401 2921 439 2982 ut
460 2917 515 2982 hie
538 2921 671 2983 ornatus
694 2939 847 3003 umquam
870 2918 1015 3003 dilapsus
1035 2942 1087 2985 oc·

74 3006 169 3072 oidat.
208 3005 286 3072 Tibi
307 3006 369 3071 hoc
391 3006 569 3090 repudiare,
592 3005 674 3069 illud
698 3009 807 3071 autern
830 3008 977 3089 superius
1002 3008 1086 3073 sieut

74 3099 172 3179 caput
201 3098 235 3159 et
266 3093 388 3159 famam
417 3098 508 3158 tuam
538 3093 706 3158 defendere
735 3115 865 3159 necesse
888 3095 964 3179 erit,
996 3095 1086 3177 mihi,

73 3204 113 3247 ne
146 3185 184 3247 nt
219 3181 363 3247 dubitem
393 3181 536 3266 quidem,
567 3182 789 3265 relinquatur?
842 3180 888 3246 Ut
914 3183 1063 3246 omittam
1088 3199 1140 3248 120

40 3269 245 3336 aleritatem
272 3274 393 3336 temere
421 3269 684 3354 adsentientium,
714 3270 826 3353 quanti
853 3269 986 3333 libertas
1013 3269 1086 3351 ipsa

74 3358 280 3424 aestimanda
304 3361 443 3423 estnon
465 3357 545 3422 mihi
567 3378 698 3422 necesse
722 3378 803 3440 esse,
834 3356 920 3440 quod
942 3354 1004 3418 tibi
1027 3359 1085 3437 est,

73 3447 181 3537 dicere
205 3467 262 3512 cur
285 3444 376 3531 deus,
399 3446 509 3511 omnia
529 3448 644 3512 nostra
666 3466 764 3512 eausa
787 3465 864 3511 cum
882 3442 1011 3508 laceret
1028 3441 1096 3529 baie
