2346 3876
104 112 107 117 ⁵
226 156 293 212 ΗΒ.
312 156 346 214 Π.
374 154 451 210 CAP.
471 161 592 210 rr-ee.
613 160 627 221 e
649 161 803 210 roa-ror.
959 153 1022 217 163

37 318 150 395 ounda
171 317 330 383 memoria
351 319 401 381 est
422 317 670 400 praeteritorum
689 317 872 382 melorum?
895 321 932 381 ut
950 339 1023 400 pro·

37 406 121 471 abia
149 427 220 470 non
245 405 335 469 nulla
362 405 488 470 veriora
514 405 580 469 sint
607 427 705 489 quam
731 408 839 468 vestra
861 405 1022 489 dogmata.

37 494 116 578 ulgo
142 495 231 558 enim
259 493 390 563 dieitur:
421 491 566 558 ‘Iuoundi
590 493 654 557 acti
677 492 833 576 labores',
856 514 914 556 neo
937 493 1022 556 male

36 582 183 666 nripides
220 578 437 666 (concludam,
473 581 502 644 si
533 585 660 665 potero,
696 581 827 665 Latine3
864 579 1021 645 Graecum

36 671 96 735 uim
118 669 207 735 huno
229 690 356 734 versum
378 668 484 735 nostis
507 669 646 754 omnes):

59 791 193 858 Suavis
216 792 390 857 laborum
414 796 473 856 est
502 791 802 875 praeteritorum
830 790 1022 854 memoria.

36 934 79 998 led
103 935 143 998 ad
169 934 256 998 bona
282 932 459 1016 praeterita
484 932 661 996 redeamus,
713 930 800 1007 Quae
829 933 857 996 si
881 954 901 994 a
929 930 1021 995 vobis

35 1021 97 1085 alie
122 1021 316 1104 dicerentur,
343 1020 492 1104 qualibus
521 1017 555 1084 O.
582 1018 706 1082 Marius
733 1020 781 1084 uti
812 1023 954 1103 poterat,
986 1023 1023 1082 ut

35 1109 174 1193 expulsus,
192 1129 299 1193 egens,
317 1109 352 1172 in
369 1107 487 1190 palude
505 1108 678 1189 domemur,
696 1111 904 1190 tropaeorum
918 1129 1021 1172 reeor-

35 1196 144 1261 lrtione
163 1197 288 1261 levaret
310 1195 455 1260 dolorem
478 1217 585 1278 suum,
609 1196 753 1260 audirem
773 1201 806 1261 et
828 1196 925 1280 plane
948 1218 1020 1279 pro-

35 1284 132 1350 teram.
176 1282 246 1350 Neo
267 1284 352 1348 enim
375 1283 501 1348 absolvi
527 1284 624 1348 beata
645 1284 714 1347 vita
737 1285 893 1367 sapientis
916 1305 1021 1368 neque

35 1372 197 1437 alexium
218 1371 351 1456 perduoi
373 1371 505 1456 poterit,
528 1373 557 1436 si
579 1372 685 1455 prima
708 1394 850 1457 quaeque
873 1374 955 1436 bene
979 1373 1020 1436 ab

35 1481 62 1524 eo
86 1461 231 1527 consulta
262 1463 358 1544 atque
389 1460 476 1524 faeta
507 1459 609 1552 ipsius
642 1460 803 1525 oblivione
836 1462 1021 1525 obruentur.

35 1545 81 1613 su
103 1549 194 1614 vobis
217 1549 420 1632 voluptatum
447 1551 672 1631 perceptarum
695 1549 873 1612 recordatio
898 1549 999 1612 vitam
1023 1561 1074 1609 106

34 1635 144 1701 beatum
165 1636 259 1717 facit,
287 1640 320 1699 et
344 1635 475 1719 quidem
498 1658 630 1719 corpore
652 1640 887 1720 perceptarum
936 1635 1022 1700 Nam

34 1725 145 1809 siquae
163 1728 240 1790 sunt
257 1724 354 1808 aliae,
375 1723 496 1788 falsum
519 1727 569 1788 est
594 1725 699 1788 omnis
718 1725 819 1788 animi
836 1724 1021 1806 voluptates

34 1832 87 1877 erre
112 1835 129 1877 e
157 1812 299 1896 eorporis
328 1811 491 1876 societate.
546 1808 700 1895 Corporis
733 1817 841 1876 autem
870 1812 1020 1895 voluptas

34 1900 160 1967 sietiam
179 1900 355 1984 praeterita
373 1900 523 1982 delectat,
545 1921 611 1963 non
629 1899 796 1986 intellego,
820 1923 875 1966 our
895 1898 1020 1964 Aristo-

34 1989 96 2054 teles
123 1987 347 2072 Sardanapalli
375 1988 575 2073 epigramma
600 1991 769 2071 tantopere
797 1988 953 2072 derideat,
988 1989 1021 2052 in

34 2098 80 2158 quo
109 2077 165 2142 ille
197 2099 253 2142 rex
285 2075 397 2159 Syriae
433 2077 591 2161 glorietur
619 2076 721 2141 omnis
749 2099 783 2141 se
812 2099 919 2141 secum
950 2077 1022 2142 libi-

33 2164 124 2231 dinum
155 2166 339 2248 voluptates
372 2164 553 2228 abstulisse.
608 2163 699 2239 Quod
732 2166 817 2228 enim
851 2187 893 2229 ne
929 2166 1021 2230 virus

33 2253 156 2336 quidem,
187 2253 308 2337 inquit,
340 2252 460 2317 diutius
489 2252 607 2316 sentire
641 2255 784 2335 poterat,
816 2275 913 2336 quam
946 2253 1021 2318 dum

33 2342 192 2422 fruebatur,
224 2363 287 2424 quo
320 2340 416 2405 modo
448 2340 481 2404 id
513 2340 620 2423 potuit
651 2345 778 2405 mortuo
812 2342 1021 2424 permanere?

33 2425 102 2493 Fluit
139 2430 240 2514 igitur
278 2429 429 2511 voluptas
471 2428 614 2512 corporis
660 2433 692 2499 et
711 2487 715 2497 ,
732 2429 838 2514 prima
878 2450 1021 2512 quaeque

33 2517 124 2582 avolat
155 2517 345 2600 saepiusque
372 2516 526 2600 relinquit
552 2538 682 2581 oausam
710 2516 896 2601 paenitendi
925 2538 1021 2600 quam

33 2605 211 2670 reeordandi.
254 2604 367 2688 Itaque
390 2604 517 2670 beatior
540 2603 714 2670 Africanus
738 2627 809 2669 oum
835 2605 941 2687 patria
964 2605 1021 2669 illo

33 2693 111 2759 nodo
131 2693 283 2777 loquens:

82 2815 234 2898 Desine,
257 2815 387 2897 Roma,
410 2820 497 2881 tuos
520 2815 654 2880 hostes
671 2865 787 2882 ......

33 2955 198 3040 reliquaque
221 2957 400 3039 praeclare:

52 3075 134 3143 Nam
156 3079 232 3143 tibi
254 3080 511 3143 moenimenta
530 3079 601 3142 mei
627 3101 809 3163 peperere
831 3082 994 3148 laborer.

33 3213 193 3285 laboribus
211 3219 264 3283 hio
281 3219 465 3303 praeteritis
484 3220 612 3304 gaudet,
629 3224 665 3284 tu
684 3220 774 3285 iubes
789 3222 1021 3304 voluptatibus,

33 3308 57 3367 et
70 3306 118 3373 hie
136 3330 170 3373 se
190 3307 230 3372 ad
250 3329 288 3371 ea
305 3311 447 3391 revocat,
471 3329 487 3371 e
511 3308 626 3392 quibus
644 3308 727 3372 nihil
748 3331 901 3393 umquam
920 3315 1021 3373 rettu-

33 3389 90 3458 lerit
111 3396 151 3461 ad
173 3418 303 3479 corpus,
326 3400 360 3459 tu
383 3399 471 3460 totus
494 3395 606 3461 haeres
631 3397 666 3460 in
689 3418 830 3479 corpore.

83 3482 161 3549 lllud
175 3489 285 3549 autem
298 3484 404 3567 ipsum
419 3483 474 3566 qui
488 3485 625 3548 obtineri
643 3488 759 3568 potest,
778 3484 862 3568 quod
881 3484 999 3567 (linitio,
1025 3462 1079 3587 ἐξ

764 3596 771 3605 ’
816 3589 871 3644 ll*
