2356 3870
247 168 316 224 ΗΒ.
334 169 356 223 1.
385 167 462 222 cnr.
481 174 528 236 44,
547 173 590 222 45.
619 173 634 233 s
655 173 810 222 ros-roe.
970 164 1033 230 321

52 333 140 404 parret
161 331 291 395 Atreus.
329 329 454 395 Durum
477 330 539 394 hoo
563 351 651 413 sane3
674 327 751 393 talis
775 329 860 392 enim
883 327 1035 392 interitus

52 430 99 481 non
118 422 166 484 est
189 419 259 482 sine
282 419 374 503 gravi
398 439 506 501 sensu3
532 417 590 482 illa
613 416 736 480 inania:

81 524 158 624 lpse
178 541 335 606 summis
355 541 459 605 saxis
478 541 582 604 fixus
602 539 764 622 asperis,
782 535 1037 619 evisceratuS,
1134 616 1139 627 .

79 625 207 694 Latere
240 628 422 714 pendens,
455 630 545 694 saxa
578 648 765 711 spargens
793 626 897 708 tabo,
929 626 1034 690 sanie

584 720 621 778 et
644 715 831 799 sanguine
855 717 947 778 atre.

47 849 104 922 Non
125 859 198 943 ipsa
221 880 298 923 saxa
321 857 427 942 magis
447 879 542 931 sensu
566 856 653 920 omui
676 856 838 920 vacabunt
861 876 957 938 quam
980 854 1036 918 ille

46 939 140 1010 ‘latere
167 945 339 1030 pendens,
365 946 417 1009 eui
440 967 474 1008 se
501 945 554 1008 hie
577 945 753 1008 cruciatum
776 946 888 1007 oenset
914 945 1037 1024 optare.

44 1029 116 1107 Quae
144 1033 368 1116 essentum,
395 1035 423 1098 si
454 1033 601 1115 sentiret,
629 1031 719 1097 nulla
745 1037 818 1097 serat
840 1032 909 1095 sine
933 1051 1036 1094 sensu.

40 1115 112 1186 Illud
134 1143 211 1186 vero
234 1143 391 1205 perquam
415 1121 524 1185 inane:

72 1241 202 1329 Neque
226 1243 458 1327 sepulerum,
487 1244 558 1326 quo
582 1243 760 1327 recipiat,
782 1243 925 1308 habeat
948 1265 1036 1327 por-

654 1334 732 1395 tum
758 1332 949 1414 eorporis,

72 1403 145 1484 Ubi
169 1419 334 1484 remissa
356 1418 522 1483 humana
544 1420 625 1483 vita
648 1421 785 1502 corpus
814 1419 1037 1569 reqpieserit

823 1528 883 1570 ma
906 1529 949 1570 1s.

40 1647 142 1732 Vides,
171 1642 292 1733 quanto
320 1648 401 1713 haee
423 1649 458 1713 in
481 1669 597 1717 errore,
611 1650 790 1729 versentur3
814 1649 944 1729 portum
967 1667 1037 1710 esse

40 1736 173 1822 eorporis
205 1740 239 1801 et
270 1737 469 1820 requiescere
501 1737 536 1800 in
568 1735 715 1819 sepulcro
742 1737 837 1817 putat
864 1737 1038 1818 mortuum,

40 1845 148 1911 magna
181 1825 277 1908 eulpa
308 1824 451 1909 Pelopis,
484 1824 540 1907 qui
571 1845 638 1888 non
670 1823 822 1888 erudierit
847 1821 951 1886 filium
979 1843 1038 1887 nee

40 1912 188 1996 loouerit,
210 1915 367 1996 quatenus
392 1914 477 1976 esset
500 1911 639 1995 quidque
663 1909 848 1976 curandum.
1047 1959 1091 2021 45

93 2000 157 2066 Sed
194 2000 268 2084 quid
307 2000 508 2084 singulorum
544 2000 711 2085 opiniones
754 1998 1016 2080 animadvertam,
1040 2035 1091 2084 108

40 2089 198 2154 rationum
219 2088 326 2152 varios
350 2109 474 2152 errores
497 2089 677 2172 perspicere
701 2109 774 2152 eum
797 2087 916 2152 liceat?
955 2085 1037 2152 Gon·

40 2175 121 2241 liunt
147 2176 306 2261 Aegyptii
333 2179 477 2240 mortuos
506 2179 539 2239 et
561 2198 615 2242 eos
640 2180 771 2241 servant
794 2175 895 2259 domi,
922 2175 1038 2260 Persae

40 2265 126 2329 etiarn
149 2285 223 2329 oera
246 2263 442 2328 circumlitos
461 2262 618 2345 condunt,
641 2269 793 2348 utquam
811 2264 950 2328 maxime
968 2285 1038 2347 per·

40 2356 184 2418 maneant
216 2352 369 2416 diuturna
400 2373 543 2436 corpora.
597 2351 768 2437 Magorum
795 2373 866 2416 mos
895 2355 945 2415 est
971 2373 1038 2416 non

40 2435 163 2505 humare
182 2461 319 2523 corpora
338 2461 481 2522 suorum,
504 2441 567 2504 nisi
586 2462 606 2504 a
623 2439 701 2504 feris
723 2439 790 2504 sint
808 2442 883 2503 ante
906 2439 1038 2503 laniata.

40 2521 69 2591 ln
88 2527 252 2613 Hyrcania
273 2528 365 2612 plebs
389 2527 536 2611 publicos
560 2528 620 2592 alit
642 2549 752 2611 canes,
778 2530 960 2610 optumates
983 2526 1038 2592 do-

41 2617 189 2682 neetioos.
238 2614 358 2681 Nobile
391 2618 498 2679 autem
530 2637 631 2701 genus
658 2637 774 2680 eanum
805 2614 886 2679 illud
919 2615 1038 2679 seimus

43 2719 112 2788 esee;
140 2704 196 2768 sed
223 2725 283 2787 pro
311 2726 369 2768 sua
397 2704 533 2787 quisque
560 2703 714 2768 facultate
742 2707 849 2788 parat,
879 2725 899 2766 a
922 2703 1038 2787 quibus

42 2785 178 2873 lanietur,
197 2813 330 2876 eamque
344 2795 511 2874 optumam
525 2791 575 2855 illi
589 2813 658 2856 esse
677 2794 811 2857 censent
830 2791 1039 2876 sepulturam.

41 2869 198 2945 Permulta
231 2879 296 2943 alia
327 2879 455 2963 colligit
487 2876 705 2963 Chrysippus,
736 2883 773 2944 ut
804 2883 854 2944 est
884 2881 920 2944 in
952 2881 1039 2945 omni

40 2956 170 3034 historia
192 2969 350 3050 curiosus3
375 2966 430 3032 sed
451 2968 500 3031 ita
521 2971 629 3032 taetra
652 2971 727 3031 sunt
750 2968 920 3052 quaedam,
942 2972 979 3032 ut
1001 2990 1040 3033 ea

40 3045 137 3141 lugiet
165 3060 198 3119 et
223 3055 411 3120 reformidet
438 3056 551 3120 oratio.
600 3055 702 3120 Totus
732 3056 833 3140 igitur
863 3056 917 3120 hio
948 3057 1038 3121 loeus

40 3148 82 3233 βπ
98 3142 350 3209 eontemnendus
368 3145 403 3207 in
420 3144 524 3226 nobis,
542 3164 609 3208 non
626 3142 845 3228 neglegendus
864 3144 898 3208 in
910 3145 1039 3221 nostris,

40 3227 78 3296 le
107 3235 234 3314 tamen,
263 3235 300 3295 ut
327 3235 525 3296 mortuorum
554 3252 689 3314 corpora
715 3231 798 3296 nihil
826 3232 945 3297 sentire
972 3232 1039 3296 viri

40 3320 218 3386 eruamus.
272 3318 437 3395 Quantum
464 3323 573 3384 autem
601 3320 822 3384 consuetudini
849 3319 1018 3402 famaeque
1042 3330 1092 3379 109

40 3395 171 3474 landum
203 3409 260 3492 sit,
291 3407 325 3471 id
357 3410 469 3471 curent
495 3408 575 3490 viri,
607 3405 662 3471 sed
690 3408 751 3492 ita,
783 3410 820 3471 ut
847 3406 1040 3492 intellegant

40 3492 112 3561 uni}
133 3496 169 3561 id
192 3496 233 3560 ad
255 3498 401 3562 mortuos
422 3494 594 3579 pertinere.

84 3608 139 3651 01⁰.
152 3609 194 3650 1v.
212 3611 231 3649 1.
845 3603 879 3651 ll
