2346 3876
90 157 157 223 406
288 155 587 212 TUSCULANARUM
603 154 911 213 DISPUTATIONUM

92 320 183 383 dines
216 319 415 403 accederent,
445 340 572 384 summa
601 341 639 383 ea
669 319 775 401 fieret,
802 341 885 403 quae
915 340 982 385 non
1013 319 1093 384 susti·

93 410 232 471 neretur.

40 463 120 597 ᾗ
160 495 222 571 Qui
240 495 403 559 modum'
394 494 456 580 igit
457 516 495 559 ur
513 495 562 559 vit
563 495 595 559 io
619 495 758 578 quaerit,
782 493 936 559 similiter
957 494 1092 580 facitut

94 584 122 648 si
144 605 240 667 posse
263 585 356 666 putet
378 603 465 665 eum,
488 582 544 665 qui
568 603 601 646 se
624 604 642 645 c
664 581 807 646 Leucata
771 583 1091 667 tpraecipitaverit,

94 673 253 736 sustinere
280 692 327 754 se,
356 691 430 734 cum
451 670 538 735 velit
583 668 629 734 Ut
614 670 737 734 tenim
760 669 793 734 id
815 692 883 735 non
905 675 1027 754 potest,
1053 671 1111 734 sict
1161 695 1164 734 ι

94 761 219 824 animus
238 759 445 843 perturbatus
465 761 498 822 et
520 757 675 822 incitatus
693 779 754 823 nec
772 758 924 823 cohibere
944 780 979 824 se
996 762 1092 842 potest

92 868 165 931 nec,
195 869 258 931 quo
284 848 356 911 loco
383 845 466 929 vult,
492 845 656 929 insistere,
684 846 894 930 omninoque,
926 869 1010 931 quae
1037 867 1092 911 cre·

94 936 216 1000 scentia
238 934 420 1017 perniciosa
439 936 526 1015 sunt,
551 933 661 996 eadem
684 936 760 998 sunt
780 933 901 999 vitiosa
921 936 1091 1014 nascentia,

40 1042 75 1092 42
94 1022 262 1108 aegritudo
294 1025 401 1086 autem
434 1023 622 1104 ceteraeque
652 1021 933 1105 perturbationes,
970 1022 1092 1105 amplifi-

94 1114 185 1176 catae
218 1113 315 1211 certe,
345 1112 419 1191 pest
405 1107 519 1172 tiferae
551 1111 639 1192 sunt3
671 1109 773 1194 igitur
804 1109 905 1173 etiam
936 1113 1092 1193 susceptae
1103 1129 1119 1170 ιι
1160 1136 1166 1172 ι

94 1198 246 1264 continuo
279 1198 313 1260 in
344 1217 463 1282 magna
494 1196 595 1280 pestis
622 1201 715 1281 parte
697 1200 922 1262 ‹e.versantur
973 1197 1092 1264 Etenim

93 1287 183 1369 ipsae
202 1306 235 1348 se
254 1284 438 1367 impellunt,
460 1285 517 1349 ubi
536 1285 636 1348 semel
655 1307 675 1348 a
695 1286 821 1350 ratione
843 1285 1023 1351 discessum
1043 1288 1092 1363 est,

93 1375 229 1459 ipsaque
264 1372 327 1436 sibi
357 1372 554 1439 inbecillitas
587 1371 735 1458 indulget
768 1373 803 1436 in
834 1373 1001 1457 altumque
1030 1394 1093 1458 pro

93 1461 222 1526 vehitur
235 1460 419 1543 imprudens
432 1480 492 1525 nec
504 1460 628 1542 reperit
641 1460 748 1526 locum
762 1461 972 1526 consistendi.
999 1460 1092 1536 Quam

94 1551 136 1614 ob
154 1571 223 1614 rem
240 1549 323 1613 nihil
341 1548 489 1627 interest,
512 1551 621 1612 utrum
639 1548 824 1613 moderatas
841 1549 1092 1632 perturbationes
1103 1567 1121 1610 ιι
1164 1577 1166 1583 ·

94 1639 275 1721 adprobent
293 1659 335 1700 an
353 1636 553 1700 moderatam
572 1635 775 1721 iniustitiam,
793 1637 996 1702 moderatam
1013 1637 1094 1720 igna-

93 1727 193 1808 viam,
232 1724 432 1803 moderatam
463 1724 766 1808 intemperantiam
803 1724 859 1808 qui
896 1725 984 1790 enim
1014 1723 1095 1789 vitiis

94 1813 225 1877 modum
256 1812 404 1896 apponit,
438 1811 466 1876 is
495 1816 622 1895 partem
655 1812 789 1895 suscipit
818 1812 989 1897 vitiorum,
1019 1810 1095 1896 quod

94 1922 167 1966 cum
198 1901 305 2053 ipsum
332 1922 390 1983 per
418 1921 452 1963 sc
480 1898 628 1965 odiosum
653 1904 726 1984 est,
755 1904 826 1965 tum
857 1921 897 1966 ec
928 1901 1095 1981 molestius,

95 1989 170 2072 quia
193 1988 327 2053 suntin
349 1987 474 2053 lubrico
497 1987 696 2072 incitataque
715 1987 814 2052 semel
831 1988 973 2072 proclivi
989 1989 1123 2102 laban-a

93 2080 148 2140 tur
172 2076 386 2159 sustinerique
408 2075 498 2139 nullo
521 2075 616 2140 modo
639 2079 785 2159 possunt

44 2141 84 2205 19
161 2163 258 2246 Quid,
280 2163 367 2248 quod
385 2162 484 2227 iidem
500 2161 707 2245 Peripatetici
729 2163 992 2246 perturbationes
1014 2164 1096 2244 istas,

46 2219 174 2336 43quas
202 2271 262 2314 nos
290 2249 496 2333 extirpandas
524 2252 688 2335 putamus,
719 2272 786 2317 non
816 2251 913 2315 modo
942 2211 1096 2326 naturalis,

95 2359 164 2404 esse
183 2338 306 2422 dicunt,
329 2339 435 2403 sedt
403 2361 420 2402 e
421 2338 501 2403 tiam
518 2339 643 2403 utiliter
661 2361 682 2402 a
698 2342 816 2403 natura
836 2339 945 2422 datas,
969 2359 1096 2424 quorum

95 2432 145 2492 est
131 2427 253 2492 ttalis
285 2427 399 2492 oratio.
448 2425 593 2491 Primum
622 2426 734 2491 multis
765 2427 873 2492 verbis
905 2427 1125 2492 iracundiams

93 2515 240 2598 laudant,
268 2518 374 2581 cotem
399 2513 600 2579 fortitudinis
626 2536 697 2579 esse
724 2514 847 2598 dicunt,
876 2515 1043 2600 multoque
1069 2516 1097 2578 et

94 2605 128 2668 in
155 2604 283 2668 bostem
311 2607 344 2668 et
370 2604 406 2667 ιἰι
432 2602 607 2685 inprobum
631 2602 732 2666 civem
754 2602 1087 2668 vehementioresrra
1044 2602 1050 2616 ’

93 2696 203 2756 torum
230 2692 370 2775 impetus
397 2711 480 2774 esse,
506 2689 586 2754 levis
614 2694 723 2755 autem
754 2691 955 2756 ratiunculas
985 2711 1097 2770 eorum,

95 2780 150 2862 qui
179 2778 228 2843 ita
255 2780 450 2862 cogitarent:
493 2776 671 2843 Proelium
697 2782 820 2843 rectum
847 2782 898 2843 est
928 2777 994 2844 hoc
1024 2777 1097 2858 fieri

95 2867 246 2931 convenit
269 2867 420 2931 dimicare
442 2887 501 2949 pro
524 2865 665 2950 legibus,
687 2887 747 2949 pro
769 2867 935 2955 libertate,
965 2888 1025 2950 pro
1047 2883 1126 2950 pa=n

94 2951 180 3018 tria'
229 2953 319 3018 Haec
344 2955 469 3019 nullam
496 2953 618 3018 habent
644 2953 725 3037 vim,
756 2949 824 3018 nisi
851 2955 901 3019 ira
932 2952 1098 3020 excanduit
1143 2968 1146 2973 ⁴

94 3041 261 3106 fortitudo
305 3039 374 3106 Nec
396 3063 472 3106 vero
497 3041 536 3105 de
559 3004 771 3107 bellatoribus
794 3042 900 3107 solnm
923 3042 1098 3126 disputant

94 3128 230 3213 imperia
257 3129 418 3195 severiora
445 3129 534 3194 nulla
557 3151 626 3194 esse
654 3134 771 3213 putant
794 3129 862 3194 sine
884 3129 996 3214 aliqua
1019 3149 1098 3195 acer·

94 3218 197 3282 bitate
225 3217 423 3301 iracundiae3
451 3221 612 3282 oratorem
639 3218 776 3303 denique
803 3238 871 3283 nou
893 3218 990 3284 modo
1013 3237 1097 3283 acca·

96 3308 234 3390 sautem,
274 3306 330 3372 sed
360 3326 402 3369 ne
434 3305 656 3371 defendentem
693 3307 821 3390 quidem
856 3306 999 3390 probant
1034 3305 1125 3369 sines

96 3392 213 3458 aculeis
250 3393 449 3476 iracundiae,
489 3415 571 3477 quac
601 3394 732 3458 etiamsi
762 3416 828 3460 ιιοιι
861 3394 960 3478 adsit,
993 3397 1097 3459 tamen

88 3481 198 3551 verbis
227 3486 328 3572 atque
356 3484 450 3551 motu
477 3481 695 3548 simulandam
720 3483 931 3564 arbitrantur,
959 3485 997 3547 ut
1018 3479 1096 3545 audi·

80 3604 174 3632 Α
