2346 3876
105 169 169 231 174
213 244 216 248 Δ
266 168 314 222 ou
334 167 478 222 smnus
496 165 677 222 nouorum
695 166 744 221 uu
761 164 947 237 muoaou

103 352 173 395 csse
203 329 349 412 scissem,
381 330 421 393 ad
454 334 486 394 tc
518 330 588 412 ipse
622 328 813 392 venissem.‘
843 326 938 410 Heri,
974 327 1102 411 inquam,

102 418 188 482 ludis
211 418 391 482 commissis
415 439 453 482 cx
480 417 561 482 urbe
584 415 748 500 profectus
773 416 848 479 veni
872 415 913 479 ad
936 436 1100 498 vesperum.

104 503 210 570 Causa
241 510 350 570 autern
381 505 446 570 fuit
475 505 539 570 huc
574 503 738 587 veniendi,
773 509 811 567 ut
850 503 1009 586 quosdam
1038 502 1100 566 hinc

103 593 204 658 libros
240 614 430 677 promerem.
491 594 537 658 Et
573 592 715 675 quidem,
756 589 851 673 Cato,
887 592 974 656 hanc
1010 594 1099 655 totam

103 682 230 765 copiam
262 682 328 745 iam
360 679 493 746 Lucullo
529 684 643 745 nostro
679 684 790 745 notam
828 700 902 745 esse
935 679 1119 764 oportebit;s

102 791 177 833 nam
200 768 251 833 his
281 770 374 834 libris
398 791 471 832 eum
494 769 581 833 malo
606 790 702 853 quam
724 768 850 851 reliquo
874 772 996 833 ornatu
1016 767 1098 831 villae

103 857 265 920 delectari.
313 857 376 920 nst
403 856 490 921 enim
513 856 595 920 mihi
618 876 756 940 magnae
780 877 875 920 curae
902 854 1099 941 (quamquam

102 945 164 1010 hoc
191 944 320 1029 quidem
346 945 514 1027 proprium
541 947 633 1008 tuum
661 966 778 1008 munus
807 941 886 1030 est),
913 949 951 1008 ut
973 944 1022 1008 ita
1043 964 1097 1007 eru

103 1033 223 1116 diatur,
255 1036 291 1096 ut
322 1037 355 1096 εὴ
386 1033 472 1115 patri
504 1035 537 1096 ct
568 1029 724 1115 Caepioni
752 1034 865 1097 nostro
894 1035 927 1096 et
956 1032 1018 1096 tibi
1041 1036 1097 1095 tan

103 1121 284 1205 propinquo
306 1121 507 1203 respondeat.
541 1119 668 1184 Laboro
693 1124 802 1184 autem
818 1141 885 1184 non
909 1119 978 1184 sine
1003 1139 1134 1198 causare

102 1228 179 1272 nam
203 1213 235 1272 et
258 1208 312 1272 avi
334 1209 402 1272 eius
426 1209 583 1273 memoria
607 1229 738 1273 moveor
761 1204 836 1294 (neo
859 1208 947 1272 enim
973 1209 1098 1293 ignoras,

103 1296 215 1379 quanti
241 1295 372 1360 fecerim
399 1294 608 1380 Caepionem,
636 1296 705 1379 qui,
732 1298 769 1359 ut
796 1295 907 1379 opinio
936 1317 1010 1360 mea
1039 1295 1097 1374 fert,

102 1385 137 1447 in
175 1383 375 1466 principibus
406 1385 472 1447 iam
504 1387 601 1466 esset,
634 1384 663 1447 si
700 1381 854 1468 viveret),
890 1388 924 1447 et
960 1383 1097 1448 Lucullus

103 1471 183 1535 mihi
202 1475 349 1536 versatur
367 1476 441 1536 ante
461 1472 585 1554 oculos,
608 1473 658 1535 vir
677 1493 749 1536 cum
772 1472 922 1537 omnibus
942 1471 1097 1550 excellens,

24 1565 25 1568 ’
102 1563 172 1624 tum
195 1581 318 1623 mecum
342 1563 375 1624 et
403 1559 546 1624 amicitia
574 1564 607 1624 et
630 1559 718 1624 omni
743 1560 910 1625 voluntate
934 1560 1134 1625 sententia-1⁵

67 1669 164 1732 sque
201 1649 398 1712 coniunctus.
459 1647 647 1731 Praeclare,
683 1648 803 1732 inquit,
838 1648 933 1730 facis,
971 1670 1042 1712 cum
1075 1648 1099 1709 et

102 1758 212 1800 eorum
241 1736 431 1800 memoriam
456 1738 560 1818 tenes,
589 1757 724 1818 quorum
751 1739 884 1819 uterque
916 1736 979 1800 tibi
1010 1739 1100 1800 testu-

101 1827 211 1888 mento
239 1823 359 1888 liberos
387 1845 462 1888 suos
490 1823 741 1905 commendavit,
769 1826 803 1887 et
830 1845 969 1907 puerum
992 1823 1099 1909 diligis.

102 1911 195 1987 Quod
218 1915 325 1976 autem
348 1933 456 1975 meum
478 1932 593 1976 munus
617 1911 711 1993 dicis,
732 1933 799 1975 non
817 1911 968 1994 equidem
988 1931 1100 1990 recuso,

102 1999 157 2063 sed
179 2003 212 2063 te
235 1999 376 2082 adiungo
400 1999 532 2064 socium.
568 1998 662 2064 Addo
682 1999 780 2063 etiarn
798 1999 892 2083 illud,
916 1999 1021 2065 multa
1043 2001 1134 2064 iamro

101 2086 183 2150 mihi
214 2086 289 2150 dare
322 2087 417 2170 signa
445 2109 580 2169 puerum
608 2091 640 2151 et
667 2087 800 2170 pudoris
831 2091 863 2151 et
892 2087 1028 2172 ingenii,
1055 2085 1102 2151 sed

102 2177 241 2238 aetatem
270 2174 368 2238 vides.
418 2174 521 2239 Video
549 2174 710 2259 equidem,
743 2176 889 2258 inquam,
918 2177 974 2240 sed
1003 2180 1103 2240 tamen

101 2263 167 2326 iam
195 2261 282 2326 infici
310 2262 406 2327 debet
433 2263 474 2326 iis
503 2263 642 2346 artibus,
671 2285 750 2346 quas
774 2264 815 2346 si,
839 2264 915 2328 dum
940 2267 990 2328 est
1013 2268 1103 2344 tener,

70 2385 72 2390 ·
101 2350 305 2432 combiberit,
338 2350 379 2414 ad
414 2351 539 2415 maiora
569 2351 678 2415 veniet
714 2352 867 2434 paratior.
904 2387 941 2399 -
978 2350 1044 2431 Sic,
1077 2353 1104 2414 et

101 2438 228 2521 quidem
253 2437 440 2522 diligentius
464 2439 654 2522 saepiusque
678 2439 742 2503 iste
760 2439 928 2523 loquemur
947 2440 1138 2504 internosse

102 2546 295 2610 agemusque
327 2527 549 2591 communiter.
604 2525 890 2608 Sed‘residamus,
925 2527 1047 2613 inquit,
1081 2525 1104 2591 si

102 2616 214 2698 placet.
260 2613 374 2699 Itaque
396 2615 541 2679 fecimus

50 2682 83 2809 3,
168 2703 250 2766 Tum
276 2701 347 2765 ille:
388 2702 438 2765 Tu
465 2706 574 2767 autem
608 2724 680 2766 cum
705 2703 775 2787 ipse
798 2707 926 2767 tanturn
955 2705 1106 2769 librorum

50 2760 237 2872 1⁰habeas,
270 2811 349 2873 quos
382 2789 435 2855 hic
471 2791 602 2854 tandem
641 2791 799 2876 requiris?
853 2789 1105 2857 Commentarios

102 2877 299 2960 quosdam,
289 2898 435 2961 mquam,
453 2877 581 2942 Aristot
567 2879 675 2962 telios,
698 2901 778 2962 quos
796 2878 851 2943 hic
872 2880 1014 2945 sciebam
1034 2902 1140 2960 essese

101 2965 175 3032 veni
198 2970 235 3030 ut
258 2965 429 3048 auferrem,
458 2989 537 3050 quos
562 2966 715 3051 legerem,
745 2967 820 3031 dum
844 2989 949 3031 essem
972 2969 1106 3052 otiosus3

102 3053 189 3154 quod
192 3053 334 3204 tquidem
352 3054 447 3117 nobis
465 3075 533 3118 non
551 3076 647 3138 saepe
663 3055 832 3140 contingit
861 3054 965 3131 Quam
987 3057 1107 3158 vellem,

101 3141 220 3242 inquit,
251 3144 283 3205 te
251 3140 355 3205 tad
389 3139 514 3207 Stoicos
546 3142 784 3208 inclinavissesl
837 3143 919 3207 Erat
905 3145 1053 3226 tanim,
1083 3143 1109 3208 si

102 3231 305 3314 cuiusquam,
328 3232 413 3293 certe
432 3231 523 3294 tuum
542 3229 624 3293 nihil
643 3235 772 3313 praeter
790 3231 891 3295 virtut
892 3250 942 3294 em
963 3232 998 3296 in
1017 3232 1108 3298 bonis

102 3317 224 3382 ducere.
273 3316 370 3400 Vide,
398 3338 440 3381 ne
467 3318 586 3401 magis,
614 3340 768 3410 mquam,
786 3322 879 3383 tuum
901 3319 1014 3404 fuerit,
1039 3342 1140 3385 cuma

100 3428 135 3470 re
154 3405 240 3470 idem
257 3405 333 3488 tibi,
356 3404 440 3488 quod
459 3406 553 3490 mihi,
577 3392 750 3500 videretur,
773 3428 839 3472 non
857 3429 942 3472 nova
962 3412 996 3472 te
1015 3410 1109 3475 rebus

92 3495 231 3558 nomina
244 3494 422 3578 imponere.
450 3493 525 3561 Rat'
501 3500 547 3561 tro
562 3495 648 3560 enim
668 3458 783 3561 nostia
796 3496 967 3580 consentit,
984 3500 1110 3611 pugnat
