2356 3870
103 171 166 234 1150
264 171 312 224 DE
331 169 475 225 FINIBUS
494 168 673 225 BONORUM
690 171 738 224 ΕΤ
757 169 940 226 MALORUM

101 333 230 417 metuit,
253 333 357 397 iustus
380 336 443 411 est,
466 335 498 396 et
521 335 620 416 certe,
644 332 671 396 si
690 335 831 397 metuere
850 333 1023 417 destiterit,
1045 356 1109 399 non

102 423 176 504 erit3
198 443 263 486 non
286 425 410 485 metuet
433 424 555 503 autem,
579 421 645 485 sive
669 421 774 485 celare
795 423 933 506 poterit,
956 422 1024 486 sive
1044 423 1111 506 opi·

101 510 161 573 bus
184 510 326 594 magnis,
349 509 499 593 quicquid
521 509 645 592 fecerit,
668 510 825 594 obtinere,
844 513 992 594 certeque
1011 512 1111 576 malet

102 598 279 662 existimari
305 597 409 662 bonus
438 597 501 681 vir,
527 601 651 660 utnon
674 597 729 681 sit,
759 607 856 681 quam
880 620 962 682 esse,
984 601 1024 662 ut
1046 621 1110 664 non

100 690 240 769 putetur.
289 684 341 750 Ita
369 685 467 768 [quod
495 685 709 749 certissimum
736 687 798 764 est]
823 708 881 769 pro
905 708 984 751 vera
1008 691 1134 752 certa-s

102 796 163 858 que
185 774 312 846 iustitia
330 773 570 856 simulationem
592 773 687 837 nobis
710 773 852 838 iustitiae
870 774 1000 838 traditis
1021 798 1111 858 prae-

102 862 272 947 cipitisque
301 861 439 946 quodam
466 861 575 945 modo,
604 865 642 925 ut
672 865 817 925 nostram
851 862 1003 926 stabilem
1037 884 1110 928 con·

103 951 271 1014 scientiam
294 953 548 1031 contemnamus,
577 949 719 1013 aliorum·
742 953 902 1015 errantem
926 951 1111 1034 opinionem

50 1057 82 1105 aa
103 1060 305 1122 aucupemur.
360 1036 448 1113 Quae
480 1037 542 1101 diei
573 1036 684 1102 eadem
717 1037 756 1101 de
789 1039 903 1102 ceteris
934 1039 1110 1104 virtutibus

101 1130 252 1212 possunt,
280 1148 415 1212 quarum
443 1125 585 1190 omnium
616 1124 827 1191 fundamenta
853 1148 912 1192 vos
939 1128 974 1191 in
996 1129 1110 1211 volup·
1124 1153 1147 1193 m

102 1219 170 1280 tate
192 1218 365 1299 tamquam
380 1215 414 1278 in
438 1236 522 1298 aqua
544 1214 675 1297 ponitis.
712 1213 796 1290 Quid
819 1215 927 1279 enim?
948 1214 1110 1280 fortemne

101 1325 272 1387 possumus
299 1303 403 1367 dicere
431 1302 567 1366 eundem
594 1302 686 1366 illum
716 1302 935 1387 Torquatum?
959 1340 1002 1350 -
1048 1304 1111 1368 De

102 1393 204 1457 lector
233 1391 331 1473 enim,
355 1412 549 1474 quamquam
576 1392 609 1453 te
631 1412 697 1454 non
724 1413 871 1474 possum,
895 1396 932 1456 ut
956 1393 1018 1475 ais,
1043 1414 1110 1457 cor-

102 1501 260 1563 rumpere,
278 1479 428 1563 delector,
446 1479 587 1562 inquam,
606 1482 638 1543 et
656 1479 782 1543 familia
799 1483 907 1543 vestra
924 1483 957 1543 et
969 1481 1110 1546 nomine.

101 1568 146 1633 Et
168 1568 297 1633 hercule
320 1567 400 1632 mihi
426 1567 477 1631 vir
500 1566 641 1650 optimus
663 1567 830 1651 nostrique
859 1569 1110 1652 amantissimus,
1123 1591 1148 1632 15

101 1657 140 1720 Α.
172 1657 364 1741 Torquatus,
396 1657 543 1719 versatur
575 1659 648 1719 ante
682 1656 805 1737 Ocalee,
836 1657 925 1721 cuius
954 1660 1110 1740 quantum

102 1745 244 1810 studium
272 1747 305 1808 et
333 1766 429 1828 quam
456 1743 582 1827 insigne
609 1742 708 1807 fuerit
729 1764 807 1827 erga
829 1765 880 1807 me
908 1745 1110 1829 temporibus

101 1833 181 1915 illis,
200 1855 281 1917 quae
300 1836 379 1898 nota
398 1835 473 1896 sunt
491 1831 654 1916 omnibus,
673 1831 753 1895 scire
771 1853 902 1897 necesse
921 1836 971 1895 est
987 1836 1110 1897 utrum·

103 1943 163 2004 que
195 1925 351 2005 vestrum,
384 1942 465 2004 quae
497 1918 578 1983 mihi
609 1919 686 2002 ipsi,
718 1920 773 2004 qui
805 1919 879 1984 volo
912 1924 945 1984 et
976 1942 1047 1985 esse
1080 1924 1112 1985 et

102 2009 216 2073 haberi
235 2013 362 2094 gratus,
384 2011 479 2092 grata
496 2029 561 2072 non
581 2012 700 2090 essent,
723 2008 785 2072 nisi
805 2029 877 2073 eum
895 2009 1149 2092 perspiceremus

102 2119 175 2161 mea
207 2119 302 2161 causa
334 2096 414 2159 mihi
446 2097 584 2160 amicum
616 2095 730 2180 fuisse,
761 2118 830 2161 non
857 2118 928 2180 sua,
957 2097 1023 2161 nisi
1050 2097 1111 2162 hoc

103 2186 182 2250 dicis
206 2207 279 2268 sua,
309 2184 393 2269 quod
416 2185 553 2247 interest
576 2183 719 2248 omnium
742 2188 829 2249 recte
852 2184 964 2248 facere.
1017 2184 1052 2249 Si
1079 2185 1111 2248 id

103 2274 196 2356 dicia,
219 2273 363 2337 vicimus.
408 2271 445 2335 Id
468 2272 554 2335 enim
577 2271 738 2355 volumus,
763 2272 796 2335 id
820 2273 1054 2357 contendimus,
1077 2276 1112 2337 ut

50 2379 82 2427 73
104 2362 202 2427 officii
228 2361 353 2426 fructus
377 2360 420 2424 sit
445 2361 551 2444 ipsum
574 2358 726 2424 officium.
774 2359 845 2424 Hoc
868 2361 924 2424 ille
947 2364 1024 2425 tuus
1047 2382 1111 2426 non

103 2452 173 2515 vult
195 2451 407 2533 omnibusque
431 2470 469 2512 ex
486 2449 582 2513 rebus
600 2449 800 2531 voluptatem
824 2449 915 2532 quasi
933 2449 1110 2514 mercedem
1123 2467 1149 2512 rs

103 2540 213 2624 exigit.
249 2537 311 2604 Sed
335 2537 375 2603 ad
399 2537 494 2601 illum
516 2536 620 2600 redeo.
660 2534 694 2599 Si
717 2536 893 2620 voluptatis
917 2558 1017 2601 causa
1041 2559 1111 2602 curn

104 2627 199 2693 Gallo
224 2627 309 2712 apud
331 2625 489 2689 Anienem
511 2623 708 2710 depugnavit
724 2628 916 2706 provocatus
936 2629 968 2688 et
988 2647 1026 2689 ex
1045 2627 1110 2689 eius

104 2716 216 2799 spoliis
250 2715 313 2779 sibi
346 2718 379 2777 et
408 2716 556 2798 torquem
589 2716 621 2776 et
653 2732 832 2796 cognomen
871 2712 977 2776 induit
1013 2714 1110 2778 ullam

104 2805 201 2868 aliam
225 2804 265 2867 ob
290 2823 433 2884 causam,
460 2801 525 2864 nisi
548 2800 633 2884 quod
656 2800 685 2864 ei
708 2800 790 2863 talia
812 2799 900 2864 facta
922 2800 1022 2886 digna
1044 2803 1111 2866 viro

102 2891 310 2974 videbantur,
337 2889 455 2953 fortem
482 2909 548 2952 non
575 2892 663 2971 puto.
708 2887 778 2952 Iam
801 2888 828 2952 si
850 2887 967 2972 pudor,
994 2891 1022 2955 si
1045 2907 1141 2954 mo-sc

104 2979 220 3060 destia,
243 2978 271 3042 si
293 2975 462 3060 pudicitia,
490 2976 518 3039 si
541 2998 605 3041 nno
628 2977 728 3040 verbo
751 2978 969 3060 temperantia
991 2997 1111 3061 poenae

104 3069 160 3132 aut
186 3065 340 3129 infamiae
366 3066 455 3129 metu
483 3065 728 3147 coercebuntur,
760 3086 826 3129 noa
853 3065 1026 3130 sanctitate
1057 3085 1113 3130 sua

104 3178 138 3220 se
164 3154 354 3235 tuebuntur,
382 3151 467 3236 quod
495 3152 699 3236 adulterium,
728 3153 812 3235 quod
840 3156 1003 3237 stuprum,
1034 3173 1112 3238 quae

103 3243 203 3308 libido
236 3263 303 3306 non
336 3263 370 3305 se
398 3240 556 3324 proripiet
584 3259 621 3304 ac
648 3240 787 3325 proiciet
814 3243 870 3305 aut
899 3241 1112 3306 occultatione

51 3346 84 3395 74
103 3330 271 3416 proposita
299 3331 355 3394 aut
379 3328 572 3412 impunitate
601 3331 657 3392 aut
683 3327 837 3393 licentia?
888 3327 995 3404 Quid?
1025 3327 1140 3410 illude

104 3419 277 3504 Torquate,
306 3417 401 3502 quale
429 3416 559 3480 tandem
586 3415 725 3500 videtur,
752 3418 785 3480 te
813 3417 876 3480 isto
899 3418 1046 3500 nomine,
1068 3417 1111 3480 in·

103 3507 211 3592 genio,
230 3505 349 3591 gloria,
368 3527 449 3590 quae
468 3504 561 3583 facis,
581 3526 662 3589 quae
681 3503 815 3589 cogitas,
837 3525 918 3588 quae
938 3505 1111 3586 contendis,
