2356 3870
319 175 388 232 ma.
406 176 441 232 v.
469 174 545 229 cnP.
564 180 686 230 sr-sa.
714 178 869 240 sss-95.
1029 171 1094 237 457

85 337 215 420 legatos
237 336 277 399 ad
296 357 409 400 cenam
431 335 465 399 in
483 335 706 418 Academiam3
727 335 769 399 iis
788 335 939 418 apposuit
960 337 1097 417 tantum,

88 423 176 506 quod
200 424 280 487 satis
310 427 407 506 esset,
434 423 524 487 nullo
549 427 715 506 apparatu.
761 421 842 488 Oum
869 422 1024 504 postridie
1046 445 1096 487 ro·

89 514 206 594 garant
229 533 316 591 eum,
344 512 395 575 cui
423 512 585 575 numerari
611 510 749 588 iuberet,
778 508 912 587 ‘quida
940 503 1009 574 vos
1031 509 1096 573 he·

91 597 252 680 sterna,'
289 598 406 682 inquit,
447 597 597 663 ‘cenula
632 620 707 663 non
743 597 1000 663 intellexistis
1040 619 1098 660 me

59 685 256 768 epecunia
277 707 354 750 non
377 685 525 770 egere?
571 686 657 762 Quos
680 708 752 751 cum
774 686 934 750 tristiores
956 685 1098 766 vidisset,

88 773 226 856 triginta
246 774 351 838 minas
371 774 503 856 accepit,
521 796 562 838 ne
581 773 748 856 aspernari
765 773 851 858 regis
869 773 1098 837 liberalitatem

90 861 260 925 videretur.
315 861 361 926 At
391 884 467 927 vero
500 861 661 945 Diogenes
696 861 843 943 liberius,
878 865 916 925 ut
950 857 1098 944 Cynicus,
1116 870 1151 919 92

90 948 276 1013 Alexandro
312 951 453 1033 roganti,
489 953 526 1013 ut
558 950 691 1031 diceret,
723 949 751 1012 si
783 948 858 1031 quid
890 969 971 1031 opus
1003 952 1099 1030 esset,

92 1034 215 1099 ‘Nune
239 1036 388 1120 quidem
411 1034 639 1120 paululum',
667 1035 786 1120 inquit,
809 1035 845 1099 ‘a
868 1033 970 1100 sole'
1015 1034 1098 1099 Offe-

49 1152 78 1192 ιο
93 1127 181 1188 cerat
211 1123 361 1189 videlicet
392 1125 559 1207 apricanti.
615 1123 660 1187 ut
674 1151 677 1156 ·
690 1123 744 1188 hic
775 1123 902 1206 quidem
933 1123 1099 1204 disputare

93 1210 230 1293 solebat,
259 1216 379 1294 quanto
406 1232 516 1296 regem
542 1211 714 1276 Persarum
735 1211 804 1275 rita
830 1210 1024 1294 fortunaque
1047 1232 1099 1275 su-

91 1302 232 1382 peraret3
252 1298 313 1362 sibi
331 1298 414 1362 nihil
433 1300 558 1383 deesse,
580 1299 630 1363 illi
647 1299 730 1362 nihil
748 1299 828 1362 satis
846 1320 999 1382 umquam
1016 1298 1099 1381 fore3

93 1407 127 1450 se
159 1385 227 1449 eius
254 1386 438 1468 voluptates
465 1408 532 1450 non
562 1385 755 1467 desiderare,
781 1385 897 1467 quibus
924 1406 1100 1468 numquam

94 1472 206 1537 satiari
220 1472 276 1535 ille
289 1476 409 1556 posset,
428 1495 502 1536 suas
521 1493 594 1537 eum
608 1472 758 1555 consequi
776 1473 865 1536 nullo
880 1472 974 1537 modo
995 1494 1099 1555 posse.

51 1586 78 1627 1⁵
160 1559 273 1642 Vides,
296 1560 405 1642 credo,
432 1564 469 1624 ut
490 1558 648 1643 Epicurus
672 1559 884 1643 cupiditatum
911 1580 1031 1645 genera
1053 1527 1153 1654 di·39{

93 1647 219 1729 riserit,
245 1668 312 1712 non
337 1647 434 1711 nimis
461 1646 600 1712 fortasse
628 1646 803 1730 subtiliter,
829 1647 954 1711 utiliter
981 1650 1100 1730 tamen,

93 1735 215 1817 partim
233 1754 303 1798 esse
320 1735 484 1800 naturales
510 1738 543 1798 et
559 1735 771 1818 necessarias,
793 1734 912 1818 partim
935 1735 1100 1799 naturales

94 1826 127 1886 et
143 1842 210 1886 non
227 1822 434 1904 necessarias,
450 1823 571 1906 partim
589 1826 753 1905 neutrum3
770 1821 967 1887 necessarias
988 1821 1100 1886 satiari

93 1929 188 1993 posse
215 1929 315 1993 paene
342 1909 467 1992 nihilo;'
486 1909 616 1974 divitias
640 1909 725 1974 enim
751 1913 887 1973 naturae
915 1930 984 1973 esse
1007 1931 1100 1992 para·

52 2023 79 2064 so
94 1997 189 2080 biles3
213 1996 386 2061 secundum
410 2000 517 2061 autem
540 2017 641 2081 genus
665 1996 877 2080 cupiditatum
900 2017 960 2060 nec
982 1997 1022 2060 ad
1044 2017 1101 2080 po·

94 2084 240 2149 tiendum
267 2082 396 2148 difficile
424 2106 494 2149 esse
521 2088 630 2149 censet
655 2106 715 2150 nec
742 2106 818 2150 vero
854 2083 895 2147 ad
913 2084 1101 2167 carendum3

94 2172 222 2253 tertias,
249 2171 336 2254 quod
359 2175 467 2235 essent
493 2173 589 2256 plane
615 2173 727 2237 inanes
748 2193 851 2255 neque
874 2171 1102 2237 necessitatem

94 2258 206 2339 modo,
233 2257 289 2321 sed
314 2278 355 2320 ne
382 2262 532 2322 naturam
560 2259 689 2342 quidem
716 2260 925 2344 attingerent,
957 2259 1101 2324 funditus

95 2345 253 2411 eiciendas
280 2344 416 2428 putavit.
460 2343 532 2409 Hoc
558 2346 629 2410 loco
660 2347 763 2411 multa
786 2347 827 2410 ab
849 2346 1017 2429 Epicureis
1041 2346 1102 2411 dis·
1120 2357 1154 2406 94

56 2436 265 2517 reputantur,
298 2452 417 2515 eaeque
444 2432 626 2516 voluptates
655 2433 845 2518 singillatim
876 2436 1103 2516 extenuantur3

96 2543 230 2605 quarum
273 2540 393 2604 genera
427 2541 494 2584 non
530 2523 754 2598 contemnunt,
794 2524 953 2604 quaerunt
992 2524 1102 2585 tamen

96 2609 231 2691 copiam.
288 2607 374 2673 Nam
411 2610 443 2690 et
479 2607 634 2672 obscenas
670 2608 867 2691 voluptates,
907 2608 946 2671 de
987 2608 1103 2692 quibus

96 2697 199 2760 multa
226 2696 267 2758 ab
294 2695 359 2759 illis
386 2694 527 2760 habetur
554 2694 671 2777 oratio,
697 2694 818 2779 facilis,
848 2695 1040 2777 eommunis,
1068 2695 1105 2761 in

96 2783 202 2847 medio
236 2783 316 2846 sitas
348 2804 416 2847 esse
448 2783 571 2867 dicunt,
602 2804 719 2866 easque
747 2783 775 2847 si
801 2786 918 2848 natura
952 2782 1104 2866 requirat,

57 2894 83 2937 so
96 2893 163 2936 non
190 2890 306 2954 genere
334 2873 391 2933 aut
417 2869 489 2935 loco
518 2875 575 2935 aut
602 2871 728 2953 ordine,
757 2870 813 2935 sed
840 2869 958 2953 forma,
990 2872 1105 2954 aetate,

97 2959 202 3042 figura
228 2957 406 3021 metiendas
434 2961 564 3041 putant,
592 2959 633 3022 ab
661 2959 764 3041 iisque
789 2956 950 3022 abstinere
973 2958 1104 3022 minime

97 3066 167 3110 esse
195 3044 339 3127 difficile,
368 3044 396 3108 si
424 3049 480 3109 aut
507 3045 657 3111 valetudo
686 3048 743 3110 aut
769 3045 911 3110 officium
934 3049 991 3110 aut
1016 3044 1105 3109 fama

96 3132 253 3216 postulet,
280 3131 473 3214 omninoque
500 3152 602 3216 genus
634 3133 695 3199 hoc
726 3133 930 3216 voluptatum
962 3132 1104 3216 optabile

98 3241 181 3303 esse,
204 3220 232 3283 si
249 3240 315 3284 non
333 3219 434 3302 obsit,
456 3220 609 3302 prodesse
627 3242 812 3304 numquam.
848 3221 1026 3303 Totumque
1044 3220 1105 3284 hoc
1123 3232 1158 3280 95

41 3331 83 3374 -es
98 3307 137 3370 de
163 3306 331 3389 uoluptate
359 3307 406 3371 sic
433 3306 489 3370 ille
516 3307 686 3390 praecipit,
712 3312 749 3373 ut
770 3308 971 3392 voluptatem
1000 3308 1106 3392 ipsam

96 3416 155 3479 per
188 3415 236 3478 se,
268 3395 344 3477 quia
375 3394 525 3476 voluptas
554 3395 610 3478 sit,
643 3416 769 3479 semper
796 3395 970 3478 optandam
997 3401 1026 3460 et
1054 3417 1106 3460 ex·

97 3481 269 3566 petendam
301 3483 407 3565 putet,
446 3481 620 3565 eademque
653 3483 779 3548 ratione
816 3482 959 3548 dolorem
995 3483 1036 3549 ob
1072 3483 1106 3547 id

1098 3588 1130 3640 Δ
