2346 3876
153 151 221 207 ΗΒ.
239 151 274 207 11.
303 150 380 207 cae.
400 157 512 207 43-45.
543 156 558 218 s
578 156 724 208 raa-137.
884 181 888 188 -
907 149 949 214 81

34 312 174 384 .veteris
192 311 389 397 Academici,
410 313 448 378 de
471 314 574 397 luctu3
604 316 654 378 est
676 315 762 378 enim
790 334 856 378 non
883 335 950 379 ma·

34 423 169 479 ‚verum
188 401 338 467 aureolus
361 405 403 485 et,
424 406 462 467 ut
475 401 640 468 Tuberoni
662 402 836 466 Panaetius
859 424 949 487 prae·

53 490 241 555 adverbum
255 489 443 555 ediscendus
461 490 600 555 libellus.
632 490 740 574 Atque
758 490 808 554 illi
821 491 951 575 quidem

34 600 42 642 ι
71 578 200 657 utiliter
231 600 251 643 a
281 583 398 643 natine
431 577 581 644 dicebant
616 578 834 661 permotiones
870 577 951 642 istas

34 666 60 731 is
85 666 209 732 nostris
237 666 345 750 datas,
376 669 499 732 metum
523 665 658 732 cavendi
685 688 795 750 causa,
827 665 952 730 miseri·

34 776 85 820 am
118 754 419 839 aegritudinemque
450 755 651 839 clementia03
688 755 794 839 ipsam
829 755 952 819 iracun-

62 843 264 908 fortitudinis
297 844 389 928 quasi
421 847 526 908 cotem
558 864 629 908 esse
665 843 829 926 dicebant,
864 847 952 908 recte

34 952 86 1010 ne,
111 932 193 996 alias
216 931 400 996 viderimus.
444 931 611 996 Atrocitas
634 931 763 1016 quidem
785 931 851 996 ista
872 935 930 995 tua
953 943 1005 993 136

34 1019 129 1085 modo
157 1020 192 1084 in
218 1023 362 1084 ueterem
387 1019 598 1084 Academiam
629 1020 798 1105 inruperit,
826 1019 951 1103 nescio;

34 1129 98 1172 iero
121 1107 206 1172 ferre
228 1129 294 1173 non
316 1129 458 1191 possum,
479 1129 546 1172 non
570 1130 632 1193 quo
656 1107 738 1172 mihi
760 1109 953 1193 displiceant

64 1196 153 1260 enim
183 1194 349 1262 Socratica
379 1196 534 1281 pleraque
565 1196 730 1262 mirabilia
759 1195 952 1274 Stoicorum,

45 1280 221 1368 παράδοξα
241 1282 479 1368 nominantur),
502 1285 559 1350 sed
581 1284 638 1349 ubi
659 1284 873 1369 Xenocrates,
895 1285 952 1350 ubi

35 1373 137 1438 oteles
161 1373 225 1437 ista
253 1372 390 1456 tetigit?
409 1373 481 1437 .hos
506 1373 591 1437 enim
614 1374 706 1457 quasi
729 1372 859 1438 eosdem
881 1394 952 1438 esse

34 1483 48 1526 ι.
98 1461 155 1526 1111
186 1482 340 1545 umquam
372 1461 515 1526 dicerent
544 1463 707 1545 sapientes
735 1461 821 1526 solos
849 1480 952 1545 reges,

63 1549 196 1632 divites,
227 1550 315 1614 solos
348 1548 531 1615 formosos?
564 1551 684 1632 omnia,
720 1571 803 1632 quae
833 1549 953 1633 ubique

34 1642 59 1721 t,
83 1637 238 1721 sapientis
261 1637 354 1703 esse?
376 1639 539 1703 neminem
561 1638 739 1720 consulem,
761 1640 953 1721 praetorem,

34 1730 182 1808 retorem,
204 1726 312 1791 nescio
327 1747 370 1789 an
384 1747 426 1790 ne
441 1725 687 1810 quinquevirum
700 1725 829 1810 quidem
843 1745 953 1810 quem·

34 1814 127 1879 rnisi
152 1813 353 1897 sapientem?
384 1817 550 1897 postremo
574 1815 679 1895 solum
702 1813 816 1897 civem,
832 1813 953 1889 ‚solum

34 1902 105 1967 nn?
127 1902 317 1986 insipientes
332 1923 443 1966 omnes
457 1904 656 1987 peregrinos,
674 1902 810 1985 exsules,
834 1924 953 1984 servoS,

34 1989 107 2055 sos?
135 1989 272 2074 denique
295 1990 416 2075 scripta
437 1989 591 2075 Lycurgi,
615 1989 756 2074 Solonis,
784 1989 953 2056 duodecim

35 2100 71 2144 as
94 2081 224 2144 nostras
246 2099 312 2143 non
335 2099 404 2143 esse
426 2079 537 2162 leges?
562 2099 603 2144 ne
625 2079 721 2143 urbes
745 2078 874 2162 quidem
897 2082 955 2143 aut

34 2171 106 2249 ates,
137 2167 202 2231 nisi
229 2188 311 2252 quae
339 2170 448 2231 essent
475 2167 692 2250 sapientium?
743 2166 833 2232 Haec
860 2167 931 2250 tibi,
956 2178 1006 2226 137

34 2255 91 2338 lle,
119 2255 206 2322 sies
229 2255 384 2320 adsensus
407 2255 584 2339 Antiocho,
611 2256 765 2321 familiari
787 2260 858 2340 tuo,
885 2259 954 2320 tam

38 2342 240 2409 defendenda
253 2365 350 2427 quam
364 2344 502 2427 moenia,
524 2343 605 2408 mihi
628 2347 735 2410 autem
758 2344 844 2409 bono
858 2344 953 2408 modo

34 2454 84 2516 un,
108 2435 264 2516 quantum
287 2431 410 2496 videbit
448 2480 456 2497 .

34 2521 94 2605 egi
120 2518 206 2603 apud
229 2518 479 2604 Clitomachum,
509 2541 583 2585 cum
606 2518 788 2586 Carneades
811 2523 845 2584 et
872 2516 1008 2584 Stoi-45

34 2607 190 2692 Diogenes
213 2609 254 2674 ad
277 2613 427 2673 senatum
449 2609 483 2673 in
502 2606 665 2692 Capitolio
689 2611 821 2691 starent,
843 2608 883 2674 A.
900 2607 956 2671 Al·

34 2719 68 2781 n,
92 2697 148 2780 qui
168 2700 239 2760 tum
261 2696 297 2761 P.
311 2695 459 2781 Scipione
481 2700 516 2761 et
537 2695 580 2763 M.
595 2696 749 2763 Marcello
764 2717 846 2762 coss.
863 2717 955 2780 prae·

34 2789 115 2867 sset,
139 2806 221 2868 eum,
244 2785 299 2868 qui
322 2807 393 2850 cum
416 2808 477 2850 avo
498 2789 566 2869 tuo,
587 2785 729 2865 Luculle,
753 2786 865 2850 consul
883 2785 956 2868 fuit,

34 2896 78 2940 rm
93 2894 171 2938 sane
184 2873 357 2957 hominem,
375 2877 412 2938 ut
424 2874 547 2939 indicat
563 2874 665 2957 ipsius
683 2873 822 2940 historia
835 2873 957 2959 scripte

33 2984 84 3045 ce,
111 2963 273 3028 iocantem
296 2961 415 3026 dixisse
439 2960 613 3027 Carneadi:
660 2961 749 3047 ‘Ego
776 2963 850 3048 tibi,
878 2960 956 3028 Car·

34 3073 56 3135 e,
78 3053 212 3134 praetor
233 3071 388 3115 essenon
401 3050 521 3134 videor,
543 3051 619 3136 quia
642 3051 769 3135 sapiens
790 3073 856 3119 non
876 3074 957 3134 sum,
1013 3128 1017 3135 Ι

34 3139 113 3204 haec
140 3138 217 3202 urbs
240 3140 363 3203 necin
387 3138 582 3204 eacivitas'.
627 3138 711 3204 Tum
738 3140 809 3205 ille:
856 3139 957 3204 ‘Huic

34 3249 57 3293 u
79 3248 147 3292 non
170 3226 309 3292 videris'.
350 3227 543 3294 Aristoteles
567 3231 624 3292 aut
645 3225 853 3312 Xenocrates,
876 3249 956 3311 quos

34 3315 131 3381 ochus
163 3315 254 3399 sequi
285 3315 427 3394 volebat,
458 3337 524 3381 non
556 3315 782 3400 dubitavisset,
814 3315 893 3399 quin
924 3317 957 3378 et

34 3426 79 3470 501
108 3403 165 3468 ille
188 3406 274 3468 esset
297 3407 330 3468 et
351 3402 457 3468 Roma
478 3404 556 3469 urbs
580 3407 613 3468 et
636 3426 707 3468 eam
731 3404 846 3469 civitas
868 3402 955 3467 inco-

34 3544 36 3557 .
69 3490 133 3557 Sed
155 3492 208 3555 ille
230 3495 342 3557 noster
360 3497 410 3557 est
428 3493 536 3580 plane,
559 3495 717 3581 utsupra
738 3486 979 3572 discubuimus·

34 3596 51 3636 11.
64 3596 103 3635 ΙΥ,
117 3597 135 3635 1,
739 3608 757 3659 p)
