2346 3876
286 161 354 215 als.
373 161 406 214 11.
435 160 512 216 cAP.
531 167 575 228 ae,
593 166 636 215 ae.
663 166 818 226 §se-er·
1009 160 1051 224 61

41 345 106 391 non
116 323 221 389 novit
239 322 279 387 In
292 322 500 407 philosophia
512 296 635 406 igitur?
650 322 705 389 Sol
715 329 854 408 quantus
864 325 917 404 sit,
927 325 1002 409 quid
1013 326 1054 388 ad

43 412 158 476 illum?
182 410 277 487 Quod
292 411 336 476 sit
350 433 510 474 summum
523 410 652 495 bonum,
676 411 752 496 quid
774 412 883 496 habet,
906 417 943 476 ut
957 417 1054 497 queat

42 499 210 564 iudicare?
235 498 298 575 Qui
316 494 440 582 digitur
456 498 631 564 iudicabit?
655 498 742 575 Quae
757 500 950 583 coniunctio,
973 523 1054 583 quae

43 587 201 652 diiunctio
240 609 317 652 vera
352 587 408 671 sit,
440 587 516 671 quid
544 588 694 673 ambigue
732 587 852 653 dietum
890 589 946 670 sit,
978 589 1054 673 quid

44 679 200 760 sequatur
233 697 391 758 quamque
422 697 503 759 rem,
537 675 613 760 quid
644 680 815 759 repugnet,
848 677 876 740 si
911 675 991 740 haec
1022 682 1055 742 et

43 765 160 829 horum
181 763 303 828 similia
326 762 455 847 iudicat,
478 764 517 828 de
536 785 570 829 se
593 765 665 848 ipsa
687 764 816 830 iudicat.
848 763 927 828 Plus
947 767 1054 829 autem

44 852 271 936 pollicebatur.
315 851 402 918 Nam
429 851 509 917 haec
537 853 666 936 quidem
695 852 836 918 iudicare
864 851 904 917 ad
933 855 1053 917 ceteras

44 963 107 1024 res,
136 946 320 1025 quaesunt
346 941 382 1004 in
407 940 614 1024 philosophia
641 938 763 1006 multae
787 944 884 1026 atque
907 962 1054 1026 magnae,

44 1033 175 1093 nonest
198 1029 289 1092 satis.
322 1026 384 1093 Sed
406 1029 558 1112 quoniam
579 1032 707 1095 tantum
728 1030 816 1095 inea
836 1029 1054 1114 anteponitis,
1073 1041 1106 1090 92

34 1117 164 1200 uidete,
201 1138 243 1180 nc
282 1121 398 1181 contra·
422 1139 481 1183 vos
516 1121 586 1182 tcta
622 1121 702 1182 nata
736 1118 791 1202 sit;
834 1139 915 1203 quae
949 1119 1053 1201 primo

45 1226 223 1290 progressu
251 1203 367 1270 festive
395 1205 495 1270 tradit
523 1206 681 1271 elementa
709 1206 861 1290 loquendi
891 1209 923 1270 et
953 1208 1052 1270 ambi-

45 1314 181 1379 guorum
209 1293 466 1378 intellegentiam
489 1294 759 1379 concludendique
781 1295 955 1378 rationem,
984 1298 1054 1358 tum

45 1383 155 1465 paucis
180 1381 300 1446 additis
323 1383 412 1447 venit
434 1382 474 1446 ad
498 1382 629 1466 soritas,
661 1382 820 1447 lubricum
844 1405 922 1458 sane
945 1386 978 1446 et
1000 1404 1053 1466 pe-

45 1471 222 1535 riculosum
243 1470 360 1551 locum,
383 1471 467 1554 quod
488 1474 526 1534 tu
549 1471 644 1536 modo
668 1470 797 1536 dicebas
817 1493 886 1536 esse
901 1471 1052 1537 vitiosum

34 1558 267 1640 ‚interrogandi
307 1579 415 1642 genus.
474 1557 557 1634 Quid
594 1559 692 1644 ergo?
732 1558 826 1623 istius
862 1558 935 1623 vitii
975 1550 1105 1622 num29

46 1650 157 1712 nostra
181 1647 277 1730 culpa
300 1646 370 1710 est?
415 1646 535 1711 Rerum
557 1650 673 1711 natura
694 1646 818 1712 nullam
840 1645 935 1712 nobis
966 1645 1054 1710 dedit

47 1735 266 1820 cognitionem
292 1734 420 1816 finium,
451 1739 489 1798 ut
511 1734 579 1798 ulla
605 1735 640 1799 in
661 1757 696 1799 re
719 1738 860 1799 statuere
883 1734 1054 1817 possimus,

48 1829 219 1907 quatenus3
242 1843 301 1887 nec
324 1822 438 1887 hocin
452 1844 565 1888 acervo
583 1823 686 1887 tritici
700 1823 814 1906 solum,
836 1821 920 1887 unde
934 1843 1054 1886 nomen

49 1916 107 1994 est,
140 1911 198 1975 sed
229 1910 320 1975 nulla
347 1911 476 1976 omnino
509 1911 543 1975 in
570 1933 604 1975 re
634 1911 820 1976 minutatim
852 1911 1054 1996 interrogati,

34 1999 134 2065 ‚dives
158 2020 291 2083 pauper,
314 1998 418 2063 clarus
437 1999 592 2064 obscurus
611 1999 664 2082 sit,
681 2000 783 2063 multa
800 2021 912 2083 pauca,
934 2019 1054 2082 magna

48 2111 159 2170 parva,
183 2087 284 2171 longa
306 2087 430 2171 brevia,
453 2087 522 2151 lata
546 2091 695 2171 angusta,
719 2091 841 2171 quanto
865 2091 922 2152 aut
945 2086 1053 2153 addito

49 2182 101 2241 aut
136 2175 270 2260 dempto
302 2179 424 2239 eertum
460 2176 722 2259 respondeamus,
761 2177 852 2257 [non]
889 2175 1053 2240 habemus.

46 2265 90 2328 At
119 2264 234 2329 vitiosi
272 2268 347 2329 sunt
386 2264 512 2329 soritae.
571 2261 731 2348 Frangite
771 2264 873 2348 igitur
915 2286 984 2347 eos,
1025 2264 1053 2327 si
1072 2284 1106 2332 93

48 2353 196 2436 potestis,
228 2372 270 2416 ne
299 2351 428 2416 molesti
461 2352 540 2434 sint3
572 2355 665 2415 erunt
697 2352 795 2435 enim,
827 2352 891 2416 nisi
923 2353 1053 2417 cavetis.

34 2438 188 2506 secutum
211 2443 270 2523 est,
292 2439 406 2524 inquit
439 2439 551 2504 Placet
570 2439 656 2505 enim
671 2437 865 2523 Chrysippo,
888 2461 959 2504 eum
982 2461 1052 2524 gra-

49 2529 148 2594 datim
179 2529 395 2612 interrogetur
420 2528 510 2592 verbi
533 2549 642 2611 causa,
671 2528 735 2592 tria
756 2547 860 2610 pauca
883 2527 949 2590 sint
972 2549 1053 2591 anne

50 2618 158 2702 multa,
182 2615 349 2701 aliquanto
372 2617 460 2700 prius
484 2616 640 2700 quemad
663 2616 766 2680 multa
788 2615 963 2698 perveniat,
986 2616 1053 2699 qui-

50 2726 165 2789 escere,
186 2705 221 2769 id
244 2708 302 2788 est,
325 2705 410 2789 quod
429 2704 470 2768 ab
494 2705 534 2769 iis
558 2703 683 2788 dicitur,
705 2697 890 2786 ἡσυχάζειν.
922 2701 985 2766 Per
1003 2724 1054 2767 me

50 2795 97 2858 vel
120 2796 242 2859 stertas
273 2793 364 2876 licet,
393 2793 499 2875 inquit
522 2789 716 2875 Carneades,
745 2812 813 2855 non
845 2789 939 2856 modo
968 2792 1055 2875 quie·

34 2902 128 2947 escas.
161 2879 225 2948 Sed
239 2882 315 2966 quid
328 2877 478 2964 proficit?
510 2878 662 2964 Sequitur
676 2880 771 2964 eninr,
793 2879 848 2965 qui
869 2885 902 2943 te
916 2899 954 2943 ex
973 2902 1056 2947 som-

51 2991 90 3035 no
107 2969 229 3035 excitet
252 2973 285 3035 et
302 2968 414 3034 eodem
436 2969 532 3034 modo
555 2969 746 3052 interroget:
784 2966 866 3044 ‘Quo
889 2967 924 3031 in
945 2990 1054 3034 nume-

52 3079 85 3122 ro
107 3057 306 3140 conticuisti,
337 3057 367 3122 si
394 3058 435 3122 ad
467 3079 539 3122 eum
570 3077 740 3123 numerum
768 3078 867 3121 unum
895 3056 1056 3141 addidero,

53 3145 193 3210 multane
216 3143 345 3210 eruntt’
384 3144 594 3230 Progrediere
617 3167 737 3230 rursus,
759 3144 866 3229 quoad
887 3143 1056 3208 videbitur.

54 3231 133 3308 Quid
156 3233 272 3318 plura?
293 3233 355 3298 hoc
378 3234 463 3299 enirn
485 3233 608 3316 fateris,
629 3254 733 3318 neque
756 3233 907 3297 ultimum
928 3235 961 3294 te
979 3253 1056 3315 pau·

34 3341 161 3386 ecorum
195 3343 299 3406 neque
334 3322 475 3407 primum
510 3322 687 3386 multorum
721 3320 914 3405 respondere
952 3340 1056 3401 posse.

56 3407 150 3475 Cuius
173 3410 303 3495 generis
325 3431 413 3475 error
441 3411 490 3475 ita
516 3414 641 3494 manat,
673 3413 798 3473 utnon
820 3406 960 3485 videam,
992 3427 1055 3489 quo

56 3517 117 3562 non
149 3497 255 3582 possit
286 3498 443 3563 accedere.
496 3495 590 3563 Nihil
624 3520 675 3564 me
706 3495 821 3582 laedit,
848 3491 975 3580 inquit,
1001 3514 1065 3579 ego
1081 3512 1127 3561 aa
