2346 3876
103 159 169 223 312
300 157 598 214 TUSCULANARUM
616 158 919 214 DISPUT'ATIONUM

101 321 217 405 igitur,
250 320 279 384 si
310 324 380 383 tum
408 323 494 384 essct
525 321 698 402 extinctus,
728 343 748 385 a
774 320 870 385 bonis
897 321 996 385 rebus
1023 344 1064 386 an
1091 345 1110 386 a

103 407 198 472 malis
220 407 442 472 discessisset?
488 406 582 473 Certe
606 430 625 472 a
648 408 783 473 miseris.
827 408 905 474 Non
931 410 1018 474 enim
1041 431 1107 474 cum

95 518 214 561 socero
246 496 368 560 bellum
395 496 564 580 gessisset,
592 517 659 561 non
687 497 858 579 inparatus
887 518 980 561 arnna
1007 519 1105 581 sump-

103 584 216 668 sisset,
236 605 302 648 non
325 583 456 647 domum
479 584 675 668 reliquisset,
699 606 766 650 non
789 605 828 648 ex
849 583 950 649 Italia
967 585 1104 669 fugisset,

102 694 169 737 non
200 672 341 736 exercitu
373 672 496 736 amisso
523 671 628 736 nudus
660 672 695 736 in
726 690 892 737 servorum
925 672 1049 738 ferrum
1077 676 1123 738 eta

102 781 218 824 manus
244 759 411 824 incidisset
440 761 466 842 [,
492 782 558 824 non
584 760 681 824 liberi
713 759 833 842 defleti,
865 781 932 825 uon
963 760 1103 826 fortunae

103 869 215 912 omnes
242 870 262 912 a
289 847 466 912 victoribus
494 847 759 931 possiderentur}
808 847 886 931 Qui,
914 848 944 912 si
974 854 1101 914 mortem

102 940 172 999 tum
204 936 339 1018 obisset,
370 936 405 1000 in
437 935 648 1018 amplissimis
684 935 824 1000 fortunis
864 936 1048 1015 occidisset,
1078 937 1100 1000 ie

102 1024 339 1108 propagatione
365 1023 451 1087 vitae
479 1027 570 1107 quot,
601 1027 754 1108 quantae,
785 1044 884 1109 quam
915 1025 1100 1090 incredibilis

50 1110 93 1175 36
103 1111 212 1176 hausit
234 1111 447 1175 calamitates!
492 1110 581 1176 Haec
609 1115 713 1176 morte
741 1111 954 1196 effugiuntur,
984 1110 1098 1178 etiamsi
1109 1131 1126 1172 a

102 1220 170 1263 non
191 1202 377 1280 evenerunt,
400 1202 523 1282 tamen,
546 1199 622 1283 quia
644 1204 782 1283 possunt
804 1199 948 1284 evenire,
977 1201 1035 1265 sed
1054 1201 1099 1264 ho

102 1287 205 1349 mines
233 1308 271 1350 ea
299 1287 362 1350 sibi
390 1287 532 1351 accidere
559 1306 655 1370 posse
681 1303 749 1353 non
780 1288 936 1372 cogitent.
990 1286 1098 1353 Metelli

103 1377 211 1458 sperat
230 1374 293 1439 sibi
311 1374 452 1458 quisque·
464 1375 641 1458 crunam,
663 1374 798 1458 proinde
815 1375 909 1459 quasi
927 1380 988 1441 aut
1003 1377 1101 1462 plura

101 1463 260 1527 fortunati
287 1463 352 1527 sint
379 1484 478 1546 quam
504 1463 648 1528 infelices
677 1467 733 1527 aut
761 1464 841 1528 corti
869 1463 1043 1549 quicquam
1066 1462 1099 1527 sit

102 1551 138 1614 in
166 1551 262 1616 rebus
291 1551 441 1616 humanis
471 1554 527 1616 aut
558 1572 687 1634 sperare
718 1551 763 1615 sit
790 1550 985 1634 prudentius
1016 1569 1128 1638 quante

101 1639 226 1703 timere.
798 1669 801 1676 ·

49 1739 82 1788 87
169 1725 231 1791 Sed
258 1728 323 1791 hcc
347 1727 454 1810 ipsum
481 1726 686 1805 concedatur,
716 1727 811 1791 bonis
838 1726 935 1792 rebus
965 1727 1100 1793 homines

102 1819 206 1879 morte
228 1815 363 1900 privari,
393 1834 470 1900 ergo
493 1815 593 1879 etiam
615 1836 723 1879 carere
746 1818 892 1880 mortuos
915 1815 1005 1880 vitae
1029 1834 1101 1880 conr

103 1903 220 1980 modis,
242 1903 337 1986 idque
360 1923 431 1967 csse
453 1903 629 1966 miserum?
666 1900 760 1967 Certe
782 1903 831 1967 ita
847 1901 960 1967 dicent
981 1920 1102 1969 necesse

103 1994 161 2053 est.
195 1989 250 2053 An
267 1993 377 2072 potest
394 1991 436 2074 is,
456 1991 511 2074 qui
530 2013 597 2057 non
615 1994 677 2073 cst,
695 2012 731 2054 rc
749 1990 818 2055 ulla
835 1991 968 2059 carere?
1006 1991 1133 2056 Tristee

103 2079 188 2140 enim
216 2080 266 2140 cst
292 2100 411 2142 nomen
439 2079 545 2161 ipsum
573 2078 714 2162 carendi,
742 2079 818 2164 quie
846 2079 1008 2144 subicitur
1032 2079 1102 2144 hace

102 2166 174 2229 viss
193 2164 322 2248 habuit,
348 2187 415 2230 non
445 2167 558 2246 habet,
592 2166 765 2250 desiderat,
796 2167 948 2250 requirit,
980 2167 1104 2251 indiget.

102 2252 204 2335 Haec,
228 2253 356 2336 opinor,
379 2255 581 2320 incommode
600 2259 676 2319 sunt
693 2254 842 2320 carentis.
879 2253 979 2319 Caret
1001 2254 1104 2333 oculis

103 2340 215 2405 odiosa
242 2342 392 2426 caecitas3
420 2343 545 2425 liberis,
572 2342 703 2406 orbitas.
752 2341 852 2406 Valet
878 2340 1001 2408 hocin
1025 2343 1104 2422 viris

102 2434 301 2494 mortuorum
325 2433 434 2494 aretem
456 2451 523 2495 non
544 2430 641 2494 modo
665 2431 751 2494 vitae
775 2429 969 2513 commodis,
996 2431 1053 2495 sed
1071 2445 1135 2492 nec

102 2517 170 2580 vite
193 2518 322 2602 quidem
344 2517 416 2600 ipsa
435 2518 604 2603 quisquam
624 2521 721 2582 caret.
757 2516 806 2582 Dc
829 2518 966 2583 mortuis
990 2519 1106 2603 loquor,

103 2605 159 2688 qui
189 2606 271 2669 nulli
304 2610 394 2689 sunt3
426 2626 500 2688 nos,
533 2606 588 2689 qui
615 2627 740 2686 sumna,
771 2626 850 2668 num
878 2609 937 2669 aut
964 2606 1107 2671 cornibus

103 2715 248 2757 caremus
272 2696 329 2756 aut
351 2692 480 2776 pinnis?
510 2693 617 2777 ecquis
645 2691 678 2757 id
702 2692 841 2757 dixerit?
891 2691 991 2758 Certe
1010 2713 1106 2759 nemo.

104 2779 188 2854 Quid
211 2779 280 2844 ita?
330 2780 425 2863 Quia,
452 2803 525 2845 cum
552 2781 585 2851 id
607 2803 674 2846 non
696 2780 832 2864 habeas,
859 2780 946 2862 quod
971 2781 1035 2845 tibi
1056 2799 1108 2844 nec

103 2889 164 2931 usu
181 2889 241 2931 nec
259 2871 377 2932 natura
395 2869 438 2932 sit
456 2873 582 2952 aptum,
604 2890 669 2933 non
689 2889 813 2948 careas,
837 2867 1139 2933 etiamsi'sentlasu

51 2968 85 3016 88
103 2957 136 3018 te
163 2977 229 3018 non
255 2954 384 3019 habere.
433 2956 505 3020 Hoc
531 2957 739 3039 premendum
769 2955 868 3018 etiem
895 2959 995 3039 atque
1017 2957 1109 3020 ctiam

103 3045 154 3106 est
177 3047 404 3126 argumentum
428 3045 619 3109 confirmato
642 3044 715 3127 illo,
736 3043 774 3106 de
797 3063 874 3125 quo,
906 3043 935 3106 si
959 3044 1112 3108 mortales

103 3129 202 3194 animi
226 3133 315 3213 sunt,
343 3129 490 3194 dubitare
517 3153 584 3196 non
611 3152 795 3215 possumus,
822 3130 902 3213 quin
931 3134 1045 3196 tantus
1066 3130 1110 3193 in·

103 3218 219 3282 teritus
246 3218 282 3288 in
309 3221 412 3281 morte
441 3218 497 3300 sit,
523 3223 561 3283 ut
587 3241 627 3283 ne
654 3219 790 3283 minima
815 3215 946 3301 quidem
973 3216 1109 3302 suspicio

104 3328 215 3370 sensus
239 3306 450 3389 relinquatur,
478 3306 541 3370 hoc
567 3306 670 3390 igitur
697 3306 799 3390 probe
822 3305 970 3370 stabilito
995 3310 1029 3370 et
1050 3307 1140 3371 fixoa

103 3394 183 3458 illud
206 3394 430 3458 excutiendum
453 3397 519 3476 est,
540 3399 577 3458 ut
599 3396 733 3476 sciatur,
760 3392 838 3476 quid
861 3392 906 3456 sit
928 3415 1052 3477 carere,
1073 3411 1109 3455 ne

96 3482 304 3568 relinquatur
330 3482 455 3570 aliquid
481 3482 599 3547 erroris
626 3483 662 3546 in
687 3482 796 3546 verbo.
849 3477 991 3546 Carere
1014 3482 1111 3566 igitur
