2356 3870
103 154 169 217 420
299 154 598 211 TUSCULANARUM
615 157 919 214 DISPUTATIONUM

307 314 348 380 Si
369 318 519 401 quidem
542 319 595 382 sit
617 320 822 404 quisquam
848 322 954 404 dena

147 401 216 468 (lui
240 405 310 488 ego
335 405 405 469 sim
428 426 548 471 curae.

50 539 82 586 73
102 525 146 590 At
168 527 201 590 id
225 529 293 591 erat
316 527 383 591 deis
406 529 553 592 omnibus
578 530 768 613 curandum,
799 553 895 615 quem
919 531 1091 597 admodum

102 615 155 678 hic
177 615 338 680 frueretur
360 615 527 698 voluptate
551 618 724 682 amatoria!

146 737 227 802 Heu
251 760 306 802 me
329 735 539 803 infelicem!
1099 763 1109 803 s

101 859 194 925 Nihil
217 862 333 925 verius.
377 860 483 925 Probe
507 865 540 925 et
566 863 634 927 ille:

394 981 522 1048 Sanun
545 1006 597 1068 es,
621 986 685 1069 qui
708 988 853 1053 te'mere
876 986 1092 1054 lamentatre?

101 1124 164 1274 que
177 1125 323 1274 {iwanus
345 1123 472 1187 videtur
500 1125 598 1189 etiam
626 1127 701 1191 suia.
747 1127 794 1192 At
823 1151 904 1212 quas
928 1128 1093 1215 tragoedias

102 1233 117 1276 e
157 1232 185 1274 c1
206 1261 212 1273 .

144 1334 206 1416 Te,
241 1333 380 1443 Apollq
404 1302 559 1418 sancte,
590 1336 648 1402 fe'r
680 1360 801 1421 opem,
832 1342 961 1424 teque,
994 1337 1122 1405 omni-n

493 1428 630 1507 potens
654 1425 844 1510 Neptune,
870 1427 1025 1506 invoco,

144 1511 299 1595 Vosque
324 1511 431 1595 adeo,
453 1513 572 1576 venti!

100 1652 256 1716 Mundum
274 1655 381 1715 totum
400 1673 434 1715 se
454 1651 494 1715 ad
514 1674 655 1717 amorem
673 1675 765 1718 suum
785 1655 1021 1722 sublevandum
1038 1666 1097 1721 oot-

100 1761 267 1804 versurum
289 1742 396 1822 putat,
423 1739 583 1804 Venerem
605 1762 702 1805 unam
726 1742 867 1807 excludit
890 1748 928 1833 ut
953 1745 1098 1829 iniquam:

357 1884 442 1926 nam
467 1860 556 1946 quid
580 1883 647 1947 ego
672 1868 707 1927 te
732 1866 938 1951 appellem,
963 1865 1099 1931 Venus?

100 1987 183 2050 Eam
205 2007 283 2070 prae
302 1986 446 2050 lubidine
468 1989 569 2068 negat
587 2007 697 2050 curare
715 1987 900 2072 quicquam3
923 1992 1018 2074 quasi
1035 2010 1099 2053 vero
1110 2005 1127 2047 u

99 2077 169 2158 ipse
192 2096 258 2139 non
280 2077 413 2156 propter
435 2073 612 2137 lubidinem
634 2077 726 2139 tanta
752 2075 878 2160 flagitia
900 2082 934 2142 et
957 2078 1056 2143 faciat
1074 2079 1101 2139 et

102 2163 197 2227 dicat.

168 2249 221 2314 Sic
247 2249 349 2335 igitur
372 2249 497 2313 adfecto
525 2249 606 2313 haec
630 2249 812 2314 adhibenda
835 2252 961 2317 curatio
987 2257 1047 2336 est,
1070 2254 1102 2315 ut

101 2343 134 2403 et
160 2339 254 2422 illud,
281 2338 367 2422 quod
395 2338 515 2421 cupiat,
548 2338 736 2402 ostendatur
768 2361 865 2423 quam
897 2340 984 2423 lere,
1016 2361 1102 2424 quam

101 2428 382 2508 contemnendum,
410 2447 507 2509 quam
532 2425 629 2489 nihili
653 2427 696 2489 sit
719 2427 865 2509 omnino,
894 2450 995 2512 quam
1017 2427 1130 2493 facilen

100 2518 151 2581 vel
175 2517 302 2581 aliunde
324 2516 375 2579 vel
399 2514 463 2577 alio
487 2513 582 2579 modo
609 2513 720 2596 perfici
747 2514 797 2579 vel
821 2516 955 2581 omnino
983 2514 1104 2602 neglegi

101 2605 213 2689 possit.
257 2601 471 2667 Abducendus
495 2602 593 2664 etiarn
622 2604 761 2667 estnon
781 2623 961 2685 numquam
985 2603 1104 2691 adalia

102 2694 221 2777 studia,
240 2690 471 2757 sollicitudines
478 2738 486 2772 ,
508 2710 613 2772 curas,
634 2689 781 2774 negotia,
803 2690 867 2754 loci
887 2690 1025 2776 denique
1043 2712 1103 2755 mu·

101 2781 227 2847 tatione
258 2785 425 2863 tamquam
457 2778 582 2862 aegroti
615 2799 681 2841 non
717 2777 980 2844 convalescentes
1016 2798 1102 2862 saepe

68 2870 260 2938 tomandus
298 2872 361 2953 est3
399 2866 498 2930 etiam
533 2885 617 2928 novo
654 2865 786 2947 quidam
822 2887 933 2931 amore
971 2871 1129 2932 veterana

103 2978 245 3020 amorem
279 2959 446 3038 tamquam
483 2952 574 3017 clavo
612 2952 737 3017 olavum
769 2953 948 3019 eiciendum
981 2957 1103 3038 putant

102 3045 241 3109 maxime
279 3045 386 3105 autem
423 3039 640 3105 admonendus
677 3045 732 3123 est,
769 3043 909 3124 quantus
947 3043 992 3107 sit
1022 3043 1103 3106 furor

103 3133 229 3197 amoris.
267 3128 424 3194 Omnibus
445 3129 530 3193 enim
556 3150 595 3192 ex
618 3128 716 3192 animi
737 3129 1038 3212 perturbationibus
1061 3130 1103 3192 est

101 3221 247 3305 profecto
271 3217 360 3282 nulla
379 3216 612 3296 vehementior,
637 3219 686 3299 ut,
709 3216 824 3279 eiiam
847 3217 920 3299 ipsa
943 3218 1003 3282 illa
1021 3238 1101 3282 aecu-

103 3330 174 3373 sare
205 3307 290 3372 nolis
297 3356 306 3390 ,
340 3308 453 3388 stupra
483 3304 553 3367 dico
586 3308 619 3368 et
651 3303 861 3387 corruptelas
880 3310 914 3369 et
946 3305 1130 3384 adulterino

101 3397 225 3461 incesta
255 3394 404 3478 denique,
433 3412 567 3475 quorum
593 3392 735 3455 omnium
759 3392 952 3458 accusabilis
977 3397 1025 3457 est
1046 3397 1102 3456 tur

100 3484 225 3569 pitudo‚
244 3520 286 3532 —
305 3483 361 3547 sed
379 3483 416 3545 ut
433 3479 514 3544 haec
528 3478 669 3561 omittas,
686 3480 889 3562 perturbatio
906 3480 980 3564 ipsa
993 3478 1101 3545 mentis

48 2223 91 2284 35

53 2299 86 2347 74
