2346 3876
99 131 167 195 254
261 122 310 184 ns
329 129 473 186 rmraus
490 129 672 185 nouorum
689 94 737 184 nr
755 127 942 184 nmoaun

100 296 133 356 et
155 313 210 357 eos
234 295 427 376 agnoscunt,
454 291 612 374 aquibus
635 291 825 373 educantur3
855 290 972 355 deinde
995 310 1095 374 aequa·

99 381 184 451 libus
212 378 412 444 delectantur
439 379 640 463 libenterque
668 400 703 443 se
732 400 805 443 cum
833 376 876 443 iis
908 380 1095 462 congregant

100 468 239 552 dantque
263 489 296 532 se
320 467 360 531 ad
382 466 557 530 ludendum
578 467 833 550 fabellarumque
862 465 1030 531 auditione
1050 465 1096 528 du·

100 559 216 620 cuntur
238 555 340 639 deque
362 576 415 638 eo,
444 555 529 638 quod
552 555 634 638 ipsis
656 557 802 638 superat,
828 553 903 617 aliis
933 552 1095 638 gratificari

100 644 213 708 volunt
240 642 564 725 animadvertuntque
593 664 645 726 ea,
673 663 753 726 quae
781 641 870 706 domi
898 641 999 725 fiunt,
1027 639 1115 705 curi-a

100 732 189 796 osius
217 731 439 815 incipiuntque
466 730 678 794 commentari
708 728 832 812 aliquid
863 732 898 792 et
926 729 1049 794 discere
1073 730 1097 790 et

100 840 224 902 eorum,
257 840 335 903 quos
372 817 497 901 vident,
533 818 647 882 volunt
681 838 747 882 non
783 816 936 900 ignorare
968 815 1097 895 nomina,

101 907 280 990 quibusque
297 905 393 970 rebus
412 926 485 970 cum
504 905 691 989 aequalibus
710 905 886 988 decertant,
904 904 934 968 si
953 905 1098 984 vicerunt,

101 995 238 1058 effenmt
265 1015 299 1058 se
325 993 466 1074 laetitia,
492 992 571 1057 victi
598 992 809 1057 debilitantur
836 991 1030 1076 animosque
1055 991 1097 1054 de

102 1083 250 1163 mittunt3
274 1103 411 1166 quorum
433 1080 502 1145 sine
525 1101 622 1144 causa
643 1080 714 1144 fieri
738 1079 822 1144 nihil
843 1080 1029 1162 putandum
1051 1080 1126 1142 esto

45 1185 80 1232 43
100 1169 161 1233 Est
193 1169 278 1232 enim
310 1171 427 1234 natura
459 1169 505 1247 sio
539 1172 694 1252 generata
725 1168 775 1232 vis
805 1166 969 1251 hominis,
1001 1170 1037 1231 ut
1067 1163 1099 1230 ad

100 1277 229 1321 omnem
247 1256 401 1321 virtutem
419 1255 658 1339 percipiendam
676 1255 765 1320 facta
782 1254 942 1338 videatur,
962 1255 1004 1320 ob
1025 1274 1098 1318 ean·

100 1364 161 1427 que
185 1364 314 1407 eausam
336 1345 428 1426 parvi
450 1343 607 1408 virtutum
636 1343 831 1426 simulacris,
858 1364 995 1426 quarum
1018 1342 1052 1406 in
1072 1360 1099 1403 se

100 1431 221 1496 habent
253 1430 388 1513 semina,
420 1431 490 1495 sine
518 1430 666 1496 doctrina
697 1434 880 1513 moventur3
912 1433 991 1494 sunt
1023 1429 1099 1493 enin

100 1520 205 1602 prima
228 1519 387 1584 elementa
408 1522 557 1602 naturae,
587 1519 703 1602 quibus
728 1517 831 1582 auctis
859 1517 993 1583 virtutis
1017 1514 1130 1600 quasin

100 1628 232 1693 germen
255 1607 401 1673 efficitur.
445 1606 532 1672 Nam
560 1627 633 1670 oum
660 1606 708 1670 ita
734 1606 805 1669 nati
832 1604 976 1689 factique
1001 1605 1101 1684 simus,

100 1698 137 1759 ut
163 1699 197 1759 et
224 1695 339 1780 agendi
367 1694 487 1778 aliquid
511 1696 544 1758 et
570 1693 727 1778 diligendi
754 1693 881 1777 aliquos
904 1698 939 1757 et
965 1691 1101 1758 liberali-

100 1783 179 1847 tatis
212 1786 244 1846 et
275 1782 461 1847 referendae
493 1782 619 1865 gratiae
651 1781 811 1865 principia
840 1781 876 1844 in
906 1781 1004 1846 nobis
1037 1801 1101 1845 con·

100 1871 275 1934 tineremus
307 1872 403 1952 atque
434 1869 475 1933 ad
507 1869 688 1950 scientiam,
722 1868 944 1951 prudentiam,
979 1867 1102 1933 fortitu·

101 1957 208 2021 dinem
232 1961 326 2040 aptos
350 1957 474 2022 animos
497 1956 689 2021 haberemus
712 1978 731 2020 a
754 1955 990 2041 contrariisque
1012 1956 1134 2020 rebusn

102 2044 239 2127 alienos,
261 2065 328 2110 non
351 2045 420 2109 sine
444 2066 541 2108 eausa
564 2066 632 2126 aas,
654 2065 733 2127 quas
757 2043 838 2126 dixi,
859 2044 894 2106 in
916 2043 1027 2127 pueris
1046 2043 1103 2107 vir·

102 2135 209 2196 tutum
232 2132 323 2214 quasi
346 2132 503 2196 scintillas
527 2132 685 2215 videmuS,
709 2153 726 2194 e
749 2131 864 2214 quibus
884 2131 1018 2195 accendi
1039 2130 1103 2214 phi·

100 2218 231 2302 losophi
253 2220 337 2283 ratio
361 2218 469 2303 debet,
496 2223 534 2283 ut
559 2241 630 2284 eam
657 2219 750 2302 quasi
777 2218 872 2283 deum
899 2217 1015 2283 ducem
1038 2218 1104 2282 sub·

102 2326 237 2389 sequens
265 2307 306 2371 ad
333 2310 467 2371 naturae
499 2307 670 2391 perveniat
701 2308 886 2371 extremum.
940 2305 1043 2389 Nam,
1072 2309 1105 2369 ut

103 2415 197 2478 saepe
221 2395 286 2458 iam
309 2394 388 2478 dixi,
410 2397 444 2459 in
466 2395 596 2460 infirma
618 2397 725 2459 aetate
752 2393 978 2477 imbecillaque
1002 2397 1137 2459 mentesa

101 2482 150 2546 vis
172 2485 307 2546 naturae
330 2483 422 2567 quasi
444 2504 502 2566 per
525 2483 698 2567 caliginem
720 2481 873 2557 cerniturr
902 2503 978 2547 cum
1003 2486 1107 2547 autem

101 2570 309 2655 progrediens
333 2571 543 2636 confirmatur
566 2571 707 2648 animus,
730 2569 879 2653 agnoscit
899 2568 956 2633 ille
980 2569 1107 2654 quidem

101 2661 235 2758 naturae
258 2657 337 2741 vim,
362 2659 417 2724 sed
440 2659 500 2741 ita,
523 2662 559 2722 ut
582 2657 733 2742 progredi
755 2657 860 2740 possit
882 2657 1030 2743 longius,
1053 2678 1107 2740 per

48 2766 136 2928 ἐξω
160 2748 359 2896 litiiibbir
376 2746 547 2917 ibiibi-aliast
568 2833 603 2896 in
621 2854 728 2897 rerum
747 2836 896 2896 naturam
918 2810 951 2896 et
968 2833 1108 2917 penitis,
1119 2850 1141 2890 ³⁰

104 2919 178 3003 quid
209 2941 247 2983 ea
278 2919 433 3001 postulet,
462 2919 705 3003 pervidendum
737 2920 832 2984 aliter
863 2920 949 2983 enirn
982 2923 1109 2986 nosmet

102 3008 190 3090 ipsos
217 3027 313 3070 nosse
340 3027 406 3070 non
432 3028 612 3089 possumus.
667 3005 760 3081 Quod
791 3011 1001 3090 praeceptum
1035 3008 1109 3093 quia

101 3093 206 3158 maius
230 3095 310 3170 erat,
335 3115 431 3176 quam
453 3097 491 3157 ut
509 3093 550 3157 ab
569 3094 697 3159 homine
717 3094 890 3176 videretur,
912 3094 1035 3161 idcirco
1060 3118 1108 3161 as-

103 3182 266 3265 signatum
295 3182 344 3244 est
372 3181 440 3245 deo.
489 3178 584 3244 Iubet
607 3182 708 3264 igitur
734 3202 794 3247 nos
822 3180 962 3264 Pythius
986 3183 1108 3268 Apollo

102 3289 234 3334 noscere
255 3272 385 3333 nosmet
407 3268 503 3351 ipsos.
549 3265 701 3352 Cognitio
731 3273 838 3332 autem
866 3269 947 3334 haec
973 3276 1025 3337 eat
1047 3287 1141 3337 unare

101 3356 219 3440 nostri,
248 3359 285 3420 ut
306 3356 374 3421 vim
404 3354 546 3439 corporis
571 3357 732 3440 animique
755 3356 900 3421 norimus
924 3379 1108 3441 sequamur·

103 3466 165 3528 que
188 3465 259 3509 eam
282 3444 398 3526 vitam,
421 3464 501 3527 quae
524 3443 619 3508 rebus
646 3443 687 3508 iis
709 3443 902 3527 perfruatur.
949 3444 1108 3522 Quoniam
