2346 3876
51 159 119 224 200
217 158 266 212 DE
285 157 430 213 FINIBUS
448 157 629 212 BONORUM
646 157 694 211 ΕΤ
712 156 896 215 MALORUM

50 317 173 386 primum
197 315 291 370 differt
314 320 384 385 (cap.
405 319 432 385 2)
456 317 566 370 tantum
590 315 699 384 dicens,
724 315 820 370 locum
843 316 879 370 de
902 315 1038 385 republica

53 390 82 442 et
99 386 269 441 rhetoricam
288 404 305 440 a
323 388 434 440 Zenone
452 387 582 455 neglecta
601 401 676 453 esse,
696 401 767 454 quae
785 385 830 439 illi
849 385 1037 456 diligentissime

53 456 225 512 excoluerint
243 459 314 526 (cap.
330 459 365 525 3).
393 457 453 510 Neo
471 455 501 509 in
520 454 675 510 dialecticis
694 457 804 509 veteres
823 472 841 508 a
860 457 957 511 Stoicis
973 454 1037 520 vinci,

54 528 121 596 quin
152 531 242 583 artem
273 528 502 596 argumentorum
535 525 766 581 inveniendorum
798 526 834 580 ab
870 527 915 581 his
948 543 1038 596 prorsus

54 599 185 653 omissam
204 614 264 652 csse
284 600 353 667 (cap.
373 598 409 666 4).
453 597 571 665 Physica
589 597 704 650 illorum
722 595 833 650 Stoicos
850 597 911 652 fere
927 597 956 652 in
971 595 1037 650 maxi·

53 669 106 722 mis
124 670 207 723 rebus
225 667 372 722 retinuisse
391 668 420 721 et
437 667 528 720 minus
547 666 659 736 copiose
678 682 738 720 esse
755 669 918 735 persecutos
936 671 999 738 (cap.
1013 669 1038 731 5).

54 740 198 793 Summum
212 740 307 793 autem
319 739 436 805 honum,
456 736 532 805 quod
545 737 689 791 contineat
701 737 927 807 philosophiam,
943 740 1040 802 veteres,

53 809 214 878 planissime
232 809 426 875 Polemonem,
445 806 547 861 dixisse
567 824 628 862 esse
647 807 799 861 secundum
814 810 944 863 naturam
955 807 1039 873 virere,

54 880 130 948 quod
148 897 211 934 cum
229 879 320 933 varias
338 878 455 932 haberet
472 877 733 948 interpretationes,
758 877 815 931 illis
834 893 897 932 eam
914 877 1040 948 placuisse,

53 953 85 1004 ut
103 953 189 1018 esset,
214 949 340 1003 omnibus
364 951 413 1003 aut
430 948 559 1002 maximis
577 949 661 1002 rebus
679 948 727 1016 iis,
753 963 825 1016 quae
844 949 990 1002 secundnm
1004 961 1040 1000 ns·

53 1023 144 1075 turam
168 1021 273 1087 essent,
295 1019 435 1072 fruentem
457 1018 565 1086 rivere,
590 1035 707 1087 eumque
730 1017 816 1072 tonse
844 1017 999 1074 Xenocratis
1019 1016 1042 1069 ot

43 1090 213 1162 ,Aristotelis
231 1090 314 1142 finem
332 1091 404 1159 (cap.
424 1091 460 1157 6).
498 1087 567 1142 Cum
590 1088 665 1142 enim
687 1089 772 1142 homo
791 1103 826 1142 ex
844 1089 938 1144 animo
955 1091 982 1142 et
996 1102 1040 1140 cor·

53 1178 122 1230 pore
145 1161 299 1226 constaret,
323 1161 352 1213 et
375 1158 462 1213 animi
484 1161 514 1213 et
536 1158 662 1227 corporis
684 1158 824 1212 rationem
847 1175 896 1214 eos
922 1157 1040 1222 habuisse,

55 1230 174 1296 sedita,
197 1232 230 1283 ut
252 1229 375 1284 animum
397 1229 506 1283 infinita
530 1229 652 1297 quadam
674 1228 758 1283 laude
777 1229 888 1297 corpori
910 1240 1040 1299 praepono·
1072 1222 1079 1241 ‘

54 1301 130 1368 rent,
148 1299 235 1355 animi
248 1303 344 1354 autem
361 1301 435 1354 bona
453 1300 572 1355 virtutes
587 1315 660 1367 esse,
680 1316 798 1368 quarum
812 1299 920 1354 semina
933 1315 950 1352 a
961 1299 1042 1374 natus
1081 1364 1083 1369 Ι

55 1372 123 1425 data
141 1372 234 1424 essent
253 1372 323 1440 (cap.
344 1370 379 1438 7).
417 1371 515 1439 ltaque
529 1371 669 1424 Zenonem
687 1369 759 1423 nihil
777 1368 906 1423 attulisse
924 1368 987 1423 novi
1000 1365 1040 1420 nin

53 1441 149 1495 inania
163 1441 302 1508 quaedam
314 1440 462 1494 verborum
477 1439 637 1494 disonmina
654 1443 725 1508 (cap.
740 1441 779 1507 8),
799 1439 899 1507 quihus
913 1439 943 1494 in
954 1437 1041 1513 urben,

55 1512 84 1565 in
102 1512 205 1578 forum,
223 1511 254 1565 in
272 1509 378 1564 curiam
396 1510 489 1564 aditus
507 1527 563 1564 non
582 1509 630 1574 sit;
649 1510 691 1564 ibi
708 1509 784 1578 ipsos
799 1508 909 1564 Stoicos
924 1513 1041 1564 commum

55 1598 132 1637 more
150 1581 228 1650 loqui
246 1582 318 1651 (cap.
333 1583 368 1646 9).
396 1581 456 1633 Iam
470 1579 566 1635 Cicero
586 1581 700 1650 propius
714 1580 751 1634 ad
770 1595 817 1645 ea,
837 1595 909 1649 quae
927 1578 1041 1654 nestore

56 1653 131 1708 dicta
159 1654 251 1720 erant,
279 1650 413 1706 accedere
436 1653 553 1706 conatur
577 1650 647 1719 illis,
675 1665 746 1720 quae
774 1649 933 1704 communia
960 1647 1040 1705 Stoicis

55 1725 120 1777 sunt
146 1740 209 1777 oum
236 1721 371 1790 antiquis,
400 1721 480 1789 qnasi
507 1721 645 1776 concessis
673 1722 763 1774 utens.
811 1719 949 1786 Quoniam
973 1717 1042 1788 igitur

54 1795 126 1848 hano
152 1793 271 1862 primam
298 1792 450 1846 habeamus
477 1807 495 1845 a
521 1792 623 1846 natura
650 1789 866 1860 appetitionem,
894 1793 926 1846 ut
952 1784 1041 1844 nosmet

55 1865 130 1933 ipsos
149 1878 356 1929 conservemus,
376 1878 410 1914 ex
429 1860 521 1916 animo
541 1863 635 1916 autem
654 1863 683 1914 et
700 1877 817 1930 corpore
836 1864 1002 1926 constemus,
1016 1868 1041 1935 e}

55 1934 99 1988 his
126 1950 178 1988 nos
206 1936 336 2002 oportere
363 1931 405 1985 ait
431 1931 515 1986 finem
542 1930 644 1985 summi
668 1931 735 1986 honi
757 1931 940 2000 constituere,
965 1932 994 1984 ut
1014 1924 1043 1978 sd

56 2021 164 2072 eorum,
184 2020 254 2071 quae
274 2002 331 2056 siut
348 2002 501 2056 secundum
518 2004 660 2069 naturam,
684 2017 767 2069 quam
791 2001 913 2070 plurima
931 2003 959 2056 et
976 2010 1041 2068 quam

56 2074 177 2128 maxima
195 2072 314 2142 adipisci
332 2075 403 2141 (cap.
424 2073 476 2141 10).
514 2072 622 2127 Stoicos
640 2072 675 2126 ab
694 2071 794 2126 iisdem
814 2071 904 2127 initiis
921 2069 1041 2195 profectos

57 2161 156 2213 corpus
180 2145 209 2196 et
232 2145 345 2197 externa
368 2142 515 2197 commoda
538 2142 703 2209 deseruisse,
727 2158 791 2196 cum
808 2144 906 2195 tamen
944 2146 1000 2196 omo
1015 2133 1044 2189 sil

56 2212 160 2267 animal
187 2213 279 2267 animo
308 2213 459 2280 excellens,
487 2230 543 2267 non
571 2212 646 2266 solus
673 2211 782 2266 animus
810 2213 881 2281 (cap.
908 2216 958 2279 11).
999 2207 1042 2261 uec

55 2300 169 2354 prorsus
200 2282 344 2337 obscurari
374 2283 424 2337 illa
457 2285 583 2349 externa,
611 2285 644 2336 ut
671 2281 758 2337 Stoici
786 2281 894 2350 dicant,
923 2282 975 2336 etsi
1001 2289 1043 2332 non

56 2371 188 2422 magnum
216 2354 388 2408 momentum
413 2353 532 2419 faciant,
560 2355 602 2419 et,
634 2352 745 2425 etiami
776 2353 969 2419 obscurentur,
998 2357 1044 2402 esst

56 2427 150 2479 tamen
167 2422 197 2477 in
216 2440 324 2478 summa
341 2425 411 2493 (cap.
430 2425 483 2489 12).
519 2424 592 2477 Nam
610 2438 718 2477 summa
765 2423 889 2490 aliquam
907 2419 1045 2476 faciendam

57 2511 116 2550 esse
131 2495 267 2561 omnium,
286 2509 356 2562 quae
370 2493 521 2549 secundum
534 2495 664 2548 naturam
682 2493 724 2547 sin
739 2535 745 2546 .
772 2493 926 2547 Praeterea
940 2489 1045 2566 omniun

56 2568 218 2620 naturarum
245 2581 382 2618 summum
408 2564 513 2618 honum
540 2562 629 2618 similo
658 2580 718 2618 esse
745 2563 854 2617 debere.
905 2564 937 2617 In
964 2563 1047 2616 cerens

55 2639 150 2690 autem
169 2634 336 2690 animalibus
354 2633 397 2702 id,
416 2635 491 2702 quod
509 2635 663 2688 extremum
680 2633 730 2701 sit,
752 2650 786 2687 ex
803 2635 866 2687 tota
884 2649 980 2688 eorum
997 2643 1048 2684 con·

58 2706 202 2760 stitutione
226 2704 308 2760 effici.
344 2703 423 2758 Idem
445 2703 532 2773 igitur
554 2703 584 2757 in
608 2703 720 2758 homine
738 2703 800 2757 fieri
818 2702 929 2758 debere.
964 2703 1049 2767 Itaque

58 2775 172 2844 Stoicis,
200 2775 223 2829 si
247 2791 360 2829 causam
383 2791 462 2828 suam
485 2773 611 2829 obtinere
634 2773 734 2841 velint,
758 2773 907 2828 dicendum
930 2790 988 2828 esse
1005 2784 1050 2823 noo

58 2862 139 2899 omne
162 2845 267 2900 animal
289 2845 411 2914 primum
434 2859 463 2898 se
485 2846 578 2898 totum
601 2844 718 2925 diligere
742 2846 771 2897 et
794 2840 1051 2903 conservatorem,

57 2915 107 2969 sed
129 2914 159 2968 id
177 2916 299 2981 tantum,
324 2915 398 2982 quod
421 2914 451 2967 in
474 2930 583 2982 quoque
602 2917 739 2984 optimum
762 2913 810 2982 sit,
838 2913 913 2981 quod
930 2913 991 2968 fieri
1005 2925 1053 2965 non

56 3001 138 3054 posse
157 2986 228 3053 (cap.
250 2986 302 3051 13).
332 2983 481 3039 Hominem
499 2986 586 3038 talem
605 2985 759 3054 sapientiae
774 2983 976 3053 perficiendum
995 2995 1055 3045 esso,

58 3056 169 3123 qualern
191 3072 209 3108 a
226 3056 327 3109 natura
351 3054 506 3122 acceperit,
534 3054 675 3124 accepisse
699 3057 793 3109 autem
816 3071 880 3107 eum
903 3056 1006 3121 totum,
1026 3065 1055 3104 ex

57 3125 150 3181 animo
170 3126 199 3178 et
222 3140 352 3192 corpore3
374 3127 504 3178 nentrum
526 3125 733 3195 neglegendum
756 3140 823 3180 esse.
859 3123 1056 3178 Perfectionem

56 3195 178 3250 hominis
201 3193 321 3247 maxime
344 3193 453 3247 laudari
470 3194 499 3246 in
518 3211 564 3262 so,
588 3195 664 3263 quod
681 3195 711 3249 in
730 3195 844 3249 homine
864 3195 1001 3264 optimum
1018 3191 1057 3255 sit,

56 3267 86 3320 id
104 3268 148 3320 est
168 3265 197 3318 in
211 3263 329 3328 virtute,
348 3265 398 3317 sed
415 3263 523 3333 priora,
542 3282 560 3320 a
579 3265 679 3334 quibus
693 3264 730 3320 ad
748 3265 819 3319 haec
832 3265 955 3332 venerit,
975 3261 1060 3318 deseri

56 3354 113 3392 non
140 3336 281 3406 oportere3
311 3333 432 3394 Stoicos,
465 3351 528 3388 oum
556 3336 593 3390 ad
621 3353 759 3390 summum
788 3335 892 3389 bonum
919 3333 1060 3404 pervenire

56 3406 157 3475 velint,
175 3404 312 3461 naturalis
331 3404 511 3474 appetitionis
530 3404 813 3476 oblivisci(cap.14).
843 3404 939 3460 Virtus
956 3407 1061 3460 tentum

56 3478 155 3532 abesse
181 3477 214 3531 ut
237 3474 368 3530 constitui
389 3492 446 3531 non
469 3475 571 3544 possit,
600 3475 624 3530 si
652 3475 804 3544 quidquam
832 3477 911 3530 extra
939 3491 1003 3531 eam
1027 3472 1062 3527 ad
