2356 3870
267 180 335 235 ΗΒ.
354 180 375 234 1.
403 179 480 235 ceP.
500 186 621 235 er-ea.
650 186 806 247 ste-81.
980 180 1045 246 309

103 346 146 406 m
169 341 258 406 Bene
285 342 505 426 reprehendis,
534 347 565 409 et
594 364 628 407 se
654 343 718 408 isto
742 344 837 408 modo
859 365 911 407 res
937 344 1044 408 habet.

54 423 212 494 Credamus
234 429 337 515 igitur
358 429 514 495 Panaetio
538 455 557 496 a
577 431 716 496 Platone
739 454 796 496 suo
820 431 1043 497 dissentienti?
1065 437 1096 486 79

51 514 139 592 Quem
160 517 249 582 enim
271 519 423 583 omnibus
445 520 525 585 locis
546 519 705 598 divinum,
728 542 823 603 quem
846 520 1044 604 sapientissi-

48 626 137 690 mum,
168 628 267 690 quem
302 607 555 691 sanctissimum,
594 629 689 692 quem
725 607 903 673 Homerum
939 608 1044 692 philo-

46 695 211 778 sophorum
240 695 397 779 appellat,
423 696 518 760 huius
547 695 631 760 hane
658 718 756 761 unam
783 696 976 762 sententiam
1006 698 1043 761 de

44 781 272 849 inmortalitate
313 784 494 850 animorum
531 806 598 849 non
637 785 762 868 probat.
828 783 908 849 Volt
950 785 1044 861 enim,

43 872 119 957 quod
142 894 239 938 nemo
261 877 375 956 negat,
398 872 549 958 quiequid
571 876 684 938 natum
707 872 764 956 sit,
786 873 930 955 interire3
953 874 1043 937 nasei

42 965 144 1025 autem
171 961 313 1044 animos,
342 961 428 1045 quod
455 961 595 1026 declaret
622 982 732 1025 eorum
763 961 956 1042 similitudo,
988 962 1043 1044 qui

42 1053 258 1133 procreentur,
289 1071 372 1134 quae
403 1049 502 1113 etiam
534 1049 568 1112 in
599 1049 749 1133 ingeniis,
781 1071 848 1114 non
875 1050 980 1114 solum
1009 1050 1043 1113 in

42 1137 224 1221 torporibus
247 1139 412 1222 appareat
450 1138 596 1202 Alteram
619 1139 727 1201 autem
750 1136 854 1202 adfert
876 1139 1043 1221 rationem,

42 1225 117 1291 nihil
140 1246 226 1309 esse,
248 1225 340 1310 quod.
357 1226 479 1311 doleat,
509 1226 587 1310 quin
609 1224 644 1288 id
667 1245 800 1311 aegrum
823 1248 894 1291 esse
917 1248 1043 1311 quoque

41 1313 152 1398 possit3
176 1313 261 1397 quod
279 1317 388 1378 autem
411 1314 445 1378 in
463 1315 612 1378 morbum
631 1313 738 1395 eadat,
761 1314 795 1378 id
815 1315 913 1380 etiam
936 1315 1043 1380 interi-

41 1404 155 1487 turum
192 1401 302 1466 dolere
333 1405 442 1466 autem
479 1403 616 1485 animoa,
653 1421 731 1485 ergo
768 1402 868 1467 etiam
903 1402 1043 1467 interire.
1053 1450 1095 1514 33

41 1487 131 1557 Haeo
150 1489 255 1554 refelli
282 1492 433 1574 possunt,
462 1495 538 1554 sunt
564 1490 649 1554 enim
677 1490 873 1573 ignorantis,
903 1512 975 1554 oum
1004 1491 1042 1556 de
1061 1527 1095 1576 80

41 1577 227 1643 aeternitate
260 1579 439 1643 animorum
472 1577 610 1660 dicatur,
642 1577 680 1640 de
712 1581 820 1641 mente
852 1577 927 1662 diei,
961 1600 1043 1661 quae

40 1666 123 1730 amni
153 1665 286 1731 turbido
318 1670 409 1731 motu
442 1688 568 1750 semper
594 1669 698 1744 vaoet,
730 1687 797 1730 non
827 1665 866 1730 de
895 1667 1042 1748 partibus

40 1753 87 1838 iis,
114 1754 152 1818 in
179 1754 296 1837 quibus
318 1754 549 1839 aegritudines,
579 1755 649 1818 irae
674 1753 888 1838 libidinesque
915 1775 1042 1818 versen-

40 1846 98 1926 tur,
126 1864 208 1926 quas
234 1843 276 1925 is,
304 1847 417 1908 eontra
439 1863 534 1927 quem
556 1843 636 1906 haee
663 1842 825 1924 dicuntur,
855 1845 995 1906 semotas
1024 1864 1043 1905 a

40 1933 141 1995 mente
170 1934 205 1994 et
231 1930 388 1996 disclusas
416 1934 518 2015 putat.
562 1929 633 1994 Iam
656 1930 833 1994 similitudo
860 1930 964 2014 magis
989 1952 1042 2013 ap·

39 2022 128 2103 peret
148 2018 185 2082 in
202 2018 332 2103 bestiis,
355 2041 491 2104 quarum
510 2018 610 2082 animi
629 2022 705 2082 sunt
722 2019 859 2083 rationis
883 2021 1043 2101 expertes,

39 2106 203 2172 bominum
226 2111 334 2171 eutem
357 2107 535 2171 similitudo
559 2107 594 2170 in
617 2127 787 2190 corporum
810 2107 914 2191 figura
936 2107 1042 2191 magis

39 2198 155 2278 exstet,
182 2197 216 2258 et
242 2195 306 2278 ipsi
334 2196 433 2260 animi
460 2197 571 2280 magni
598 2194 698 2258 refert
730 2195 818 2278 quali
845 2196 879 2259 in
910 2216 1042 2278 corpore

39 2282 132 2348 leuati
163 2282 237 2348 sint
291 2281 397 2347 Multa
429 2283 515 2347 enim
548 2304 565 2346 e
597 2303 729 2364 corpore
765 2283 925 2364 existunt,
962 2304 1042 2365 quae

39 2374 154 2435 aouant
175 2375 329 2455 mentem,
357 2372 474 2454 multa,
501 2392 582 2456 quae
610 2370 799 2434 obtundant.
848 2370 1042 2434 Aristoteles

38 2459 165 2543 quidem
193 2459 242 2523 ait
267 2460 372 2524 omnis
399 2459 588 2544 ingeniosos
615 2456 865 2521 melancholicos
881 2463 975 2539 esse,
1006 2462 1043 2522 ut

38 2565 94 2630 ego
120 2567 173 2610 me
195 2547 371 2611 tardiorem
390 2569 460 2610 esse
479 2568 544 2611 non
562 2547 698 2610 moleste
720 2544 830 2608 feram.
866 2544 1044 2608 Enumerat

38 2634 170 2718 multos,
197 2634 294 2718 idque
321 2635 413 2718 quasi
440 2638 579 2717 constet,
611 2634 783 2715 rationem,
816 2655 872 2698 eur
898 2633 946 2696 ita
977 2633 1044 2717 fiat,

38 2722 147 2786 adfert.
198 2720 320 2797 Quodsi
346 2727 440 2787 tanta
466 2722 516 2786 vis
544 2725 594 2786 est
620 2722 660 2785 ad
690 2721 837 2786 habitum
864 2721 981 2785 mentis
1008 2721 1043 2784 in

37 2809 87 2894 iis,
112 2831 195 2895 quae
218 2811 396 2895 gignuntur
417 2810 452 2874 in
475 2831 608 2893 corpore
632 2806 685 2894 (ea
708 2813 785 2873 sunt
802 2812 923 2892 autem,
947 2831 1043 2892 quae·

37 2918 169 2983 eumque
188 2901 272 2982 sunt,
290 2919 372 2982 quae
386 2897 631 2962 similitudinem
649 2896 793 2980 faciant),
810 2898 894 2962 nihil
907 2898 1043 2961 necessi·

37 2987 111 3052 tatis
135 2985 254 3067 adfert,
277 3008 334 3050 our
355 2988 529 3051 nascantur
553 2985 665 3067 animi,
688 2985 872 3048 similitudo.
917 2985 1042 3051 Omitto
1060 3004 1093 3053 81

37 3072 321 3139 dissbnilitudines.
352 3073 479 3138 Vellem
498 3073 608 3137 adesse
627 3076 739 3155 posset
753 3072 928 3138 Panaetius
948 3070 1043 3158 (vixit

37 3182 106 3229 eum
124 3160 308 3248 Africano);
328 3183 515 3247 quaererem
534 3183 572 3224 ex
591 3181 643 3241 eo,
666 3160 756 3224 euius
777 3183 908 3225 suorum
926 3160 1041 3224 similis

36 3248 148 3315 fuiseet
174 3249 320 3315 Africani
346 3249 458 3314 fratris
484 3270 599 3332 nepos,
626 3248 710 3313 facie
743 3249 793 3312 vel
823 3249 942 3331 patris,
973 3249 1042 3312 vita

36 3337 177 3405 omnium
199 3338 398 3423 perditorum
416 3338 464 3402 ita
481 3336 611 3419 similis,
634 3340 671 3400 ut
689 3340 775 3400 esset
795 3335 891 3400 fenile
910 3336 1041 3398 deterri·

36 3446 117 3511 mas5
145 3425 236 3491 euius
264 3427 363 3491 etiam
391 3424 505 3490 similis
538 3423 572 3488 P.
600 3421 724 3507 Crassi,
756 3426 789 3488 et
821 3422 977 3507 sapientis
1010 3426 1043 3487 et

36 3513 211 3599 dequentis
251 3519 286 3579 et
323 3514 421 3599 primi
460 3512 617 3594 hominis,
657 3532 760 3595 nepos
801 3511 1041 3594 multorumque
