2356 3870
101 131 167 194 448
299 128 596 185 TUSCULANARUM
613 128 918 185 DISPUTATIONUM

103 293 311 359 declarabant
336 292 371 355 in
399 313 524 356 summo
554 290 699 373 sepulcro
728 291 899 374 sphaeram
921 290 1001 356 'esse
1032 293 1114 375 posi·

50 401 84 450 11
102 385 170 445 tam
189 401 261 444 cunr
279 379 430 463 cylindro,
458 379 529 462 Ego
547 383 655 442 autem
667 400 742 447 cum
756 380 866 443 omnia
880 380 1114 445 conlustrarem

104 468 205 534 oculis
233 465 297 552 (est
324 467 409 530 enim
437 467 477 530 ad
505 470 615 549 portas
643 465 883 551 Agragantinas
907 487 1031 551 magna
1056 468 1115 531 fre

104 555 236 640 quentia
254 552 509 638 sepulcrorum),‘
521 555 665 617 animum
683 554 807 619 adverti
826 555 1035 620 columellam
1051 577 1114 620 non

104 645 241 708 multum
269 664 286 707 e
312 642 418 706 dumis
446 642 652 720 eminentem,
680 643 715 706 11
741 665 804 726 qua
826 643 933 707 inerat
957 643 1137 727 sphaeraes

103 732 207 816 figura
244 733 277 794 et
312 729 456 814 cylindri.
515 729 623 813 Atque
659 750 719 816 ego
755 731 868 795 statim
901 728 1112 813 Syracusanis

104 818 212 902 (erant
239 823 347 883 autem
374 817 535 901 principes
563 818 702 904 mecum)
730 818 796 883 dixi
822 840 874 882 me
902 818 986 882 illud
1009 819 1113 901 ipsum

106 907 257 971 arbitrari
280 928 363 987 esse,
386 905 471 989 quod
495 927 688 988 quaererem.
724 905 856 970 Inmissi
880 927 953 970 cum
976 906 1113 971 falcibus

52 994 200 1064 11111111
221 997 403 1078 purgarunt
422 996 454 1056 et
472 997 665 1075 aperuerunt
687 993 802 1057 locum.
839 993 1006 1069 Quocum
1028 998 1114 1077 pate·

103 1083 209 1147 factus
237 1084 323 1146 esset
350 1081 471 1164 aditus,
502 1081 543 1144 ad
575 1081 742 1144 adversam
774 1081 879 1145 basirn
911 1082 1114 1146 accessimus.
1127 1110 1148 1149 ro

104 1170 293 1253 Apparebat
325 1169 524 1251 epigramma
555 1169 658 1232 exesis
695 1169 931 1252 posterioribus
969 1170 1115 1252 partibus

99 1257 336 1322 ¹uersiculorum
357 1256 533 1320 dimidiatis
555 1256 630 1320 fere.
667 1256 719 1321 Ita
737 1257 942 1322 nobilissima
961 1256 1115 1324 Graeciae

106 1345 229 1427 civitas,
248 1345 409 1428 quondam
426 1364 502 1408 vero
522 1344 618 1409 etiam
640 1344 835 1428 doctissima,
855 1344 906 1408 sui
925 1345 1007 1410 civis
1021 1346 1114 1410 unius

106 1433 286 1498 acutissimi
316 1436 558 1497 monumentum
589 1433 785 1517 ignorasset,
816 1433 881 1497 nisi
914 1434 956 1498 ab
984 1434 1115 1499 homine

105 1521 262 1604 Arpinate
281 1519 453 1584 didicisset.
490 1518 551 1583 Sed
570 1521 694 1603 redeat,
716 1520 800 1585 unde
819 1521 983 1585 aberravit
1002 1522 1115 1587 oratio.
1127 1547 1147 1588 rs

107 1608 185 1684 Quis
209 1612 259 1673 111
282 1609 437 1690 omnium,
465 1608 519 1692 qui
542 1608 637 1673 modo
667 1629 740 1672 cum
763 1608 880 1691 Musis,
907 1608 942 1672 id
970 1612 1021 1673 est
1044 1631 1116 1674 eum

105 1696 306 1761 humanitate
344 1699 376 1759 et
407 1716 480 1759 cum
512 1695 672 1779 doctrina,
707 1695 828 1760 habeat
866 1696 1000 1780 aliquod
1033 1718 1115 1762 com·

108 1786 276 1865 mercium,
300 1784 354 1866 qui
373 1805 492 1848 senon
514 1783 599 1848 hunc
617 1784 882 1848 mathematicum
901 1785 998 1849 malit
1020 1806 1115 1869 quam

107 1872 199 1936 illum
221 1871 419 1954 tyrannum?
456 1869 491 1934 si
513 1871 599 1935 vitae
622 1872 751 1936 m'odurn
775 1872 997 1955 actionemque
1021 1893 1115 1956 quae·

106 1961 221 2042 rimus,
245 1959 375 2023 alterius
395 1980 484 2022 mens
505 1959 687 2023 rationibus
712 1960 873 2043 agitandis
898 1960 1114 2042 exquirendis·
1127 1986 1148 2026 n

108 2068 168 2131 que
189 2048 336 2111 alebatur
354 2067 426 2110 cum
445 2046 661 2112 oblectatione
684 2047 862 2124 sollertiae,
886 2048 941 2130 qui
966 2051 1135 2112 1111111

109 2135 318 2198 suavissimus
349 2137 461 2217 pastus
494 2135 686 2218 animorum,
723 2135 855 2199 alterius
888 2135 923 2199 in
955 2136 1053 2200 caede
1085 2140 1116 2199 et

108 2222 235 2286 iniuriis
259 2243 331 2285 curn
355 2225 387 2286 et
409 2221 524 2287 diurno
547 2225 579 2285 et
601 2226 758 2288 nocturno
781 2225 877 2288 11111.
914 2221 987 2307 Age
1006 2223 1116 2288 confer

107 2309 342 2393 Democritum,
368 2309 602 2395 Pythagoram,
630 2310 869 2395 Anaxagoram
899 2332 981 2395 quae
1006 2331 1116 2396 regna,

110 2421 189 2482 quas
209 2420 286 2481 opes
305 2398 419 2462 studiis
439 2419 549 2463 eorum
571 2400 604 2461 11
626 2398 892 2463 delectationibus
917 2399 1116 2482 antepones?
1128 2424 1148 2465 1

57 2509 90 2559 11
109 2487 254 2569 Etenim,
278 2508 359 2570 quae
377 2508 453 2569 pars
472 2490 604 2569 optuma
623 2489 673 2549 est
690 2486 724 2549 in
741 2486 885 2569 homine,
907 2486 943 2550 in
961 2508 1000 2551 11
1019 2488 1116 2551 situm

110 2597 179 2640 esse
201 2595 331 2639 necesse
355 2576 404 2637 est
426 2573 519 2655 illud,
542 2573 627 2657 quod
650 2574 789 2656 quaeris,
813 2576 990 2656 optumum.
1036 2575 1117 2651 Quid

109 2668 159 2729 est
182 2667 291 2727 autem
317 2662 352 2725 in
378 2661 508 2725 homine
532 2661 640 2744 sagaci
668 2682 706 2725 ao
732 2662 819 2726 bona
847 2665 955 2725 mente
978 2662 1117 2727 melius?

109 2751 189 2816 Eius
212 2752 298 2816 bono
316 2749 485 2814 fruendum
504 2751 554 2812 est
576 2748 689 2832 igitur,
713 2749 741 2824 11
759 2749 847 2813 beati
864 2770 935 2813 1111
954 2751 1117 2832 volumus3

109 2841 230 2904 bonum
263 2842 370 2902 autem
402 2837 519 2901 mentis
552 2839 602 2901 111
633 2836 752 2918 virtus3
785 2856 861 2920 ergo
893 2836 956 2901 hac
989 2838 1152 2904 beatama

109 2928 211 2991 vitam
239 2925 396 2990 contineri
422 2946 552 2989 necesse
580 2927 637 2988 est
682 2923 768 2988 Hinc
794 2924 915 3007 omnia,
943 2946 1027 3009 quae
1050 2927 1120 3011 pul·

110 3015 200 3096 chra,
222 3014 373 3096 honesta,
401 3013 570 3095 praeclara
592 3014 680 3093 sunt,
703 3016 862 3095 utsupra
885 3012 964 3096 dixi,
994 3014 1053 3079 sed
1075 3014 1119 3078 di·

110 3103 246 3168 cendum
269 3101 354 3165 idem
376 3101 455 3164 illud
477 3099 576 3183 paulo
599 3099 729 3165 uberius
754 3099 894 3183 videtur,
921 3101 1022 3184 plena
1045 3123 1120 3187 gau·

110 3192 236 3257 diorum
264 3191 347 3253 sunt.
396 3186 447 3251 Ex
475 3187 638 3271 perpetuis
662 3191 769 3252 autem
797 3188 964 3271 plenisque
992 3191 1121 3274 gaudiis

111 3301 183 3344 curn
209 3277 414 3362 perspicuum
442 3276 486 3340 sit
508 3276 610 3340 vitam
635 3276 765 3340 beatam
788 3276 938 3361 existere,
966 3279 1155 3363 1111111111

110 3372 148 3434 11
170 3388 209 3431 11
232 3366 349 3430 existat
372 3386 411 3429 ex
432 3364 611 3428 honestate.

52 3435 101 3564 ἕξ
178 3453 239 3520 Sed
257 3476 297 3521 ne
315 3452 422 3520 verbis
442 3452 548 3519 solum
571 3451 771 3536 attingamus
794 3472 846 3537 ea,
868 3473 951 3536 quae
972 3454 1124 3521 volumus
