2346 3876
102 149 167 214 382
297 143 594 200 TUSCULANARUM
614 143 919 200 DISPUTATIONUM

102 309 315 376 Terentianus
343 306 428 390 ‘ipse
454 327 489 370 se
515 304 700 390 poeniens',
731 305 765 369 id
793 310 844 370 est
870 302 989 372 ἑαυτὸν
1012 328 1088 390 upa

103 394 287 484 podpsvog?

146 520 310 585 Decre'vi
332 519 531 601 tantisper
554 540 609 583 me
632 517 756 582 minus
779 518 963 602 iniuriae,

148 607 343 690 Chremes,
365 627 445 670 meo
465 608 582 690 gnato
604 605 748 688 facere,
772 606 858 670 dum
879 607 973 671 fiam
990 606 1089 670 miser.

102 749 166 814 Hic
198 747 353 830 decernit,
383 750 421 811 ut
447 747 546 811 miser
575 747 627 811 sit
677 745 765 813 Num
795 747 868 831 quis
897 747 997 832 igitur
1023 745 1105 831 quic-r

103 859 199 922 quam
223 836 366 901 decernit
388 834 532 898 invitus?

146 960 247 1025 Malo
271 957 421 1042 quidem
445 979 500 1021 me
524 957 659 1041 quovis
684 957 839 1044 dignum
866 959 1045 1043 deputem.

102 1101 190 1166 Malo
215 1121 249 1164 se
277 1099 410 1183 dignum
438 1098 585 1181 deputat,
611 1097 675 1161 nisi
699 1097 798 1162 miser
822 1099 874 1163 sit.
917 1099 1016 1164 Vides
1032 1116 1091 1182 ergo

103 1187 267 1272 opinionis
296 1207 379 1268 esse,
405 1207 471 1250 non
493 1188 628 1250 naturae
651 1185 781 1250 malum.
833 1185 932 1270 Quid,
961 1209 1036 1272 quos
1054 1205 1093 1248 res

102 1277 175 1360 ipsa
202 1275 312 1358 lugere
340 1273 513 1357 prohibet?
540 1278 577 1337 ut
600 1273 688 1356 ,apud
717 1273 899 1338 Homerum
931 1276 1093 1341 cotidianae
1101 1292 1115 1333 o

102 1385 196 1429 neces
218 1362 433 1446 interitusque
452 1361 629 1426 multorum
651 1362 851 1427 sedationem
873 1363 1036 1429 maerendi
1054 1360 1093 1426 ad-

101 1453 223 1534 ferunt,
246 1450 332 1534 apud
355 1471 449 1534 quem
472 1449 519 1513 ita
542 1448 683 1525 dicitur:¹

146 1574 317 1658 Namque
349 1573 463 1637 nimis
496 1572 637 1635 multos
670 1576 783 1656 atque
816 1575 919 1639 omni
947 1575 1029 1640 luce
1052 1593 1096 1637 ca·
1132 1564 1134 1587 '

897 1663 1026 1727 dentis

147 1748 361 1830 Cernimus,
384 1752 425 1812 ut
448 1769 556 1811 nemo
579 1748 706 1830 possit
729 1770 903 1813 maerore
926 1770 1063 1816 vacare.

147 1838 226 1914 Quo
245 1837 367 1921 magis
387 1839 446 1900 est
464 1856 624 1918 aequum
642 1836 804 1900 tumulis
828 1837 1009 1902 mandare
1029 1855 1121 1921 per-1⁵

875 1930 1025 2010 emptos

145 2013 274 2078 Firmo
288 2012 413 2077 animo
426 2014 465 2082 et
475 2011 620 2075 luctum
634 2011 808 2075 lacrimis
822 2011 942 2077 finire
958 2013 1099 2079 diurnis.

49 2176 82 2225 66
102 2153 190 2236 Ergo
223 2153 258 2216 in
288 2154 451 2235 potestate
484 2154 533 2215 est
564 2151 691 2215 abicere
723 2151 881 2230 dolorem,
919 2175 994 2217 cum
1024 2151 1100 2231 velis,

101 2241 240 2322 tempori
264 2241 463 2304 servientem.
509 2239 562 2303 An
585 2242 635 2302 est
657 2239 760 2303 ullum
787 2243 930 2325 tempus,
962 2241 1100 2325 quoniam

102 2328 230 2412 quidem
253 2349 303 2392 res
327 2328 362 2391 in
384 2330 498 2391 nostra
520 2330 683 2409 potestate
701 2331 763 2409 est,
787 2327 838 2391 cui
856 2348 925 2392 non
948 2328 1100 2412 ponendae

102 2438 197 2481 curae
216 2420 245 2480 et
262 2414 471 2499 aegritudinis
492 2436 589 2479 causa
608 2413 807 2479 serviamus?
848 2413 1032 2482 Constabat
1047 2434 1126 2494 eos,u

102 2505 157 2589 qui
185 2503 402 2569 concidentem
430 2502 616 2567 volneribus
644 2500 700 2567 Cn.
723 2501 917 2585 Pompeium
949 2504 1102 2582 vidissent,

103 2614 176 2657 oum
198 2591 313 2656 in'illo
336 2592 407 2674 ipso
432 2590 641 2655 acerbissimo
660 2590 906 2673 miserrimoque
930 2589 1101 2675 spectaculo

103 2681 166 2743 sibi
188 2679 353 2762 timerent,
377 2678 461 2761 quod
482 2699 516 2742 se
540 2679 642 2743 classe
664 2677 807 2743 hostium
831 2679 1045 2746 circumfusos
1064 2676 1103 2740 ri·

16 2794 20 2799 ·
103 2767 229 2849 derent,
255 2767 338 2830 nihil
367 2766 454 2830 aliud
482 2769 553 2829 tum
581 2765 699 2848 egisse,
725 2766 789 2830 nisi
811 2769 849 2828 ut
870 2767 1012 2852 remiges
1039 2767 1102 2831 hor·

101 2857 248 2917 tarentur
262 2857 295 2918 et
308 2858 346 2917 ut
360 2855 499 2918 salutem
515 2853 770 2936 adipiscerentur
788 2853 879 2937 fuga,
899 2859 1103 2939 posteaquam
1113 2869 1129 2913 a

102 2941 223 3024 Tyrum
241 2941 419 3023 venissent,
441 2945 511 3005 tum
530 2941 690 3004 adflictari
708 2941 945 3026 lamentarique
960 2943 1104 3026 coepisse.

102 3028 212 3092 Timor
244 3029 345 3112 igitur
377 3029 418 3091 ab
449 3029 501 3092 his
540 3028 775 3112 aegritudinem
809 3031 918 3112 potuit
950 3030 1105 3114 repellere,

102 3117 186 3181 ratio
210 3116 251 3179 ab
275 3115 414 3196 sapienti
438 3117 507 3181 viro
530 3137 597 3180 non
619 3116 763 3199 poterit?

50 3211 92 3274 28
170 3203 254 3279 Quid
283 3208 333 3267 est
360 3206 479 3284 autem,
510 3203 595 3287 quod
622 3203 696 3286 plus
722 3205 831 3268 valeat
858 3205 900 3268 ad
932 3204 1106 3289 ponendum

104 3292 262 3374 dolorem,
294 3313 391 3374 quam
423 3311 494 3353 cum
528 3295 577 3354 est
613 3291 812 3355 intellectum
847 3292 895 3356 nil
933 3293 1046 3376 profici
1078 3292 1132 3354 ets

102 3381 223 3444 frustra
259 3400 328 3443 esse
366 3378 574 3461 susceptum?
633 3376 668 3441 si
704 3380 804 3463 igitur
843 3380 963 3463 deponi
999 3381 1106 3463 potest,

102 3468 200 3533 etiam
228 3489 295 3534 non
323 3465 443 3551 suscipi
471 3469 592 3551 potest3
620 3467 787 3531 voluntate
816 3467 920 3551 igitur
943 3473 977 3534 et
998 3466 1106 3532 iudicio
