2346 3876
181 132 407 194 n13.v.,cAP.
429 141 549 190 ra-n.
578 141 734 202 §ra-rs.
895 135 961 202 255

24 315 62 357 rm
84 293 112 358 is
132 294 233 360 animi
250 297 411 381 appetitus
430 320 450 362 a
467 298 626 381 principio
649 297 725 381 fuit,
748 303 784 363 ut
805 322 856 384 ea,
879 322 960 385 quae

23 404 153 466 ,quam
175 384 411 467 perfectissima
432 389 549 450 natura
574 386 781 470 haberemus,
805 388 959 453 confiten-

24 496 29 534 ι
57 474 121 555 est,
149 493 221 536 cum
247 472 280 536 id
308 473 416 556 adepti
444 473 557 551 simus,
588 474 673 558 quod
701 475 880 558 appetitum
908 476 959 558 sit,

24 579 54 623 eo
83 559 175 642 quasi
201 561 236 623 in
262 560 378 625 ultimo
406 563 580 626 consistere
606 566 770 644 naturam,
801 566 898 646 atque
927 564 961 627 id

43 668 205 711 summum
219 647 351 732 bonum3
371 649 456 731 quod
470 653 555 714 certe
568 649 755 714 universum
774 672 832 714 sua
846 653 959 732 sponte

26 755 59 797 m
79 735 185 818 expeti
208 739 240 799 et
262 740 395 820 propter
414 758 448 801 se
470 758 602 802 necesse
625 740 688 820 est,
711 739 861 821 quoniam
885 741 959 804 ante

24 825 209 887 enarratum
228 829 278 888 est
297 824 396 888 etiam
418 824 563 909 singulas
586 825 654 889 eius
676 828 786 910 partes
809 846 880 890 esse
901 847 960 909 per

24 910 214 993 upetendas.
256 910 297 976 In
323 912 546 976 enumerandis
577 915 684 977 autem
707 914 851 997 corporis
874 934 958 978 com·-
978 936 1014 984 45

24 999 56 1062 is
80 999 108 1062 si
136 998 206 1082 quis
230 1000 491 1082 praetermissam
514 1023 533 1064 a
555 1001 650 1066 nobis
679 1002 880 1085 voluptatem
901 1023 958 1085 pu·

23 1090 50 1169 t,
72 1085 108 1150 in
131 1086 217 1151 aliud
239 1092 367 1171 tempus
391 1109 430 1152 ea
453 1089 598 1171 quaestio
621 1088 795 1154 differatur.
840 1088 959 1155 Utrum

24 1195 38 1236 1
61 1174 106 1238 sit
122 1175 273 1258 voluptas
291 1176 326 1239 in
346 1175 389 1240 iis
411 1176 522 1259 rebus,
545 1197 624 1260 quas
643 1177 765 1260 primas
786 1178 958 1243 secundum

24 1283 190 1326 [ramesse
213 1263 364 1346 diximus,
385 1285 485 1328 necne
505 1265 560 1347 sit,
584 1264 625 1328 ad
647 1265 694 1347 id,
717 1266 802 1350 quod
821 1266 957 1351 agimus,

24 1350 34 1413 l
57 1349 199 1414 interest
236 1349 270 1415 Si
294 1352 394 1434 enim,
416 1355 453 1415 nt
474 1351 556 1416 mihi
579 1352 708 1435 quidem
729 1353 870 1436 ridetur,
892 1375 957 1419 non

25 1442 59 1500 et
86 1437 172 1502 bona
197 1441 331 1503 naturae
358 1439 521 1522 voluptas,
550 1439 619 1504 iure
642 1442 871 1522 praetermissa
894 1444 956 1523 est3

31 1527 140 1591 autem
167 1529 217 1591 est
242 1527 277 1591 in
303 1548 354 1610 ea,
384 1526 622 1611 quodquidam
644 1527 770 1610 volunt,
792 1527 875 1592 nihil
898 1528 957 1591 im-

26 1617 41 1677 t
72 1614 157 1679 hanc
191 1617 336 1679 nostram
373 1613 692 1698 comprehensionem
723 1615 840 1678 summi
871 1615 957 1682 boni.

24 1723 40 1764 a
69 1701 154 1765 enim
182 1703 358 1767 constituta
385 1705 461 1766 sunt
490 1702 597 1784 prima
622 1705 770 1783 naturae,
798 1702 838 1766 ad
865 1722 903 1766 ea
931 1703 958 1767 si

24 1792 102 1873 ptas
130 1791 313 1873 accesserit,
339 1812 439 1855 unum
467 1789 597 1872 aliquod
625 1790 795 1854 accesserit
818 1810 958 1854 commo-

24 1909 28 1940 ι
52 1878 196 1960 corporis
222 1899 326 1962 neque
350 1899 421 1942 eam
444 1877 708 1943 constitutionem
733 1877 849 1941 summi
871 1877 958 1960 boni,

24 1987 34 2028 a
57 1969 108 2029 est
129 1966 309 2048 proposita,
332 1966 515 2030 mutaverit.

24 2053 62 2117 nt
86 2052 190 2117 adhuc
212 2053 341 2137 quidem
359 2054 406 2118 ita
423 2053 517 2118 nobis
538 2074 709 2138 progressa
731 2054 816 2118 ratio
840 2058 899 2136 est,
921 2023 1012 2148 uel}

24 2140 180 2205 luceretur
207 2141 312 2205 omnis
340 2163 359 2205 a
386 2141 492 2224 prima
515 2143 792 2206 commendatione
814 2145 958 2206 naturae.

24 2251 44 2293 c
63 2231 171 2304 autem
190 2229 278 2293 aliud
300 2229 366 2293 iam
385 2230 632 2312 argumentandi
651 2250 824 2314 sequamur
846 2250 958 2313 genus,

23 2338 74 2380 ron
97 2317 203 2379 solum
225 2317 301 2400 quia
324 2338 383 2382 nos
407 2317 594 2400 diligamus,
623 2317 678 2381 sed
707 2316 784 2401 quia
805 2316 958 2400 cuiusque

24 2405 54 2468 is
77 2409 213 2469 naturae
232 2407 265 2467 et
286 2404 322 2467 in
341 2425 474 2488 corpore
492 2407 525 2468 et
547 2404 708 2493 inanimo
732 2425 790 2467 sua
813 2424 957 2487 quaeque

31 2491 88 2574 sit,
120 2492 238 2557 idcirco
271 2491 307 2556 in
337 2491 388 2556 his
421 2492 516 2556 rebus
545 2512 667 2555 summe
699 2493 812 2555 nostra
842 2495 957 2572 sponte

26 2586 146 2644 samur.
195 2581 302 2663 Atque
329 2584 366 2643 ut
393 2601 412 2642 a
439 2600 573 2661 corpore
596 2578 718 2656 ordiar,
748 2577 890 2660 videsne,
912 2581 959 2660 ut,

24 2689 84 2732 uae
103 2668 137 2731 in
155 2667 308 2731 membris
327 2689 428 2750 prava
446 2671 502 2731 eut
521 2666 690 2730 debilitata
708 2669 765 2730 aut
786 2665 958 2728 imminuta

24 2806 28 2831 ,
52 2755 215 2820 occultent
237 2753 404 2819 homines?
434 2757 473 2818 ut
495 2755 595 2818 etiam
618 2753 814 2818 contendant
837 2755 870 2817 ct
893 2752 958 2817 ela-

24 2846 79 2926 mt,
103 2843 132 2906 si
155 2842 280 2906 efficere
303 2842 443 2926 possint,
470 2845 508 2905 ut
535 2845 592 2905 aut
618 2862 685 2906 non
713 2843 868 2924 appareat
890 2862 957 2906 cor·

24 2954 37 2996 s
61 2931 175 2994 vitium
197 2933 253 2994 aut
271 2952 368 3014 quam
386 2929 555 2993 minimum
574 2927 753 3012 appareat?
776 2928 957 3013 multosque

24 3041 47 3083 n
77 3017 206 3082 dolores
235 3017 409 3083 curationis
437 3038 535 3081 causa
561 3017 737 3101 perferant,
764 3020 814 3100 ut,
837 3016 866 3080 si
888 3017 958 3099 ipse

24 3153 25 3162 κ
49 3107 268 3170 membrorum
290 3126 355 3170 non
377 3105 473 3169 modo
496 3126 563 3168 non
585 3105 702 3187 maior,
725 3110 836 3168 verum
859 3103 957 3167 etiam

24 3216 54 3259 rr
80 3193 209 3257 futurus
237 3194 292 3274 sit,
319 3213 430 3257 eorum
457 3195 567 3255 tamen
598 3191 721 3275 species
745 3191 785 3255 ad
807 3194 957 3254 naturam

24 3280 153 3347 rtatur‘?
198 3280 343 3362 Etenim,
367 3301 439 3344 cum
462 3301 573 3343 omnes
596 3283 714 3344 natura
736 3282 823 3342 totos
847 3298 881 3342 se
905 3296 957 3339 ex·
985 3306 987 3310 ¹

24 3370 106 3434 ndos
134 3372 262 3452 putent,
289 3389 348 3432 nec
376 3367 409 3430 id
438 3368 479 3430 ob
507 3367 604 3431 aliam
631 3387 715 3448 rem,
742 3364 796 3428 sed
825 3365 957 3446 propter

24 3480 52 3542 s,
74 3478 204 3521 necesse
224 3460 273 3520 est
294 3455 361 3519 eius
385 3454 482 3518 etiam
504 3454 607 3537 partis
629 3454 761 3534 propter
784 3471 817 3514 se
841 3449 963 3534 expeti,-
