2346 3876
116 159 158 222 38
382 155 674 211 lonnnnrcoaun
692 156 858 211 PRIORUM

113 320 262 403 interest,
289 320 466 405 aequaliter
498 321 645 384 omuibus
674 320 851 404 abrogatur
877 319 969 402 fides3
998 319 1123 403 deinde,

115 431 188 474 cum
219 408 328 473 dicant
354 431 449 493 posse
477 409 619 474 accidere
648 408 799 492 sapienti,
828 411 878 493 ut,
912 429 987 473 cum
1016 408 1123 472 omnia

113 497 227 562 fecerit
258 497 569 582 diligentissimeque
597 496 875 580 circumspexerit,
904 497 1042 561 exsistat
1069 497 1122 561 ali·

115 585 199 670 quid,
223 586 308 670 quod
327 590 360 650 et
381 587 450 650 veri
471 585 577 650 simile
600 585 748 650 videatur
771 589 804 649 et
825 585 912 649 absit
934 585 1123 670 longissime

114 696 134 738 a
152 696 238 758 vero,
255 695 293 739 ac
312 674 340 739 si
358 695 511 759 magnam
529 676 657 758 partem
675 674 814 759 quidem,
831 676 869 737 ut
885 674 992 738 solent
1011 674 1145 756 diceres

114 763 155 827 ad
173 785 285 828 verum
303 764 411 846 ipsum
430 765 487 827 aut
505 784 601 847 quam
620 762 765 846 proxime
784 762 946 845 acc‘edant,
965 763 1123 828 confidere

114 852 176 916 sibi
215 854 376 934 poterunt.
426 850 473 916 Ut
504 851 590 915 enim
622 850 802 934 confidant,
834 854 948 916 notum
979 851 1022 916 iis
1056 873 1124 915 esse

114 940 244 1004 debebit
270 940 397 1024 insigne
424 940 506 1023 veri,
535 962 597 1023 quo
626 939 763 1004 obscuro
791 942 824 1002 et
851 960 1008 1022 oppresso
1041 939 1124 1023 quod

114 1028 245 1093 tandem
263 1045 375 1092 verum
394 1028 457 1092 sibi
475 1028 668 1092 videbuntur
689 1028 872 1112 attingere?
909 1026 994 1103 Quid
1018 1030 1124 1092 autem

114 1124 182 1181 tam
214 1116 350 1180 absurde
384 1116 448 1180 dici
479 1121 600 1200 potest,
632 1138 728 1201 quam
758 1138 829 1181 cum
861 1116 910 1180 ita
936 1116 1123 1200 loquuntur:
1136 1145 1157 1185 11

116 1205 190 1269 Ἑ11
216 1203 278 1269 hoc
307 1204 435 1288 quidem
462 1205 550 1269 illius
577 1205 625 1269 rei
648 1205 777 1290 signum
806 1207 863 1268 aut
889 1208 1125 1288 argumentum,

115 1297 148 1357 et
166 1314 204 1356 ea
226 1314 261 1356 re
284 1292 317 1357 id
336 1314 461 1377 sequor,
484 1293 540 1357 sed
558 1293 630 1358 fieri
653 1296 772 1375 potest,
794 1297 831 1357 ut
852 1292 895 1376 id,
917 1293 1004 1376 quod
1025 1294 1125 1379 signi-

114 1382 239 1462 ficatur,
263 1383 319 1445 aut
339 1380 459 1445 falsum
487 1382 530 1446 sit
557 1385 614 1445 aut
640 1382 721 1446 nihil
745 1382 789 1446 sit
811 1379 962 1446 omnino?
1001 1380 1065 1446 Sed
1088 1382 1125 1447 de

114 1468 318 1552 perceptione
349 1469 514 1535 hactenus.
566 1468 602 1534 Si
629 1471 701 1553 quis
729 1470 814 1534 enim
842 1491 893 1552 ea,
924 1491 1007 1552 quae
1039 1470 1125 1535 dicta

92 1560 203 1642 sunt,
225 1557 423 1623 labefactare
445 1557 545 1642 volet,
571 1557 666 1622 facile
691 1558 788 1623 etiam
817 1559 1005 1622 absentibus
1028 1559 1123 1624 nobis
1136 1587 1158 1628 11

63 1698 104 1760 ,2
115 1646 236 1748 veritas
261 1668 294 1711 se
316 1648 389 1748 ipsa
411 1647 569 1748 detondet.
650 1735 657 1748 ,
814 1736 820 1748 ι

61 1776 94 1824 ²⁵⁷
114 1824 156 1888 a
180 1735 1125 1908 ttstlattastt}tittttttffbtttsdd

114 1909 359 1995 συγκατάθεσιν
392 1915 522 1994 vocant,
551 1933 654 1995 pauca
684 1911 839 1995 dicemus,
870 1933 936 1976 non
966 1933 1031 1995 quo
1060 1934 1125 1978 non

112 2001 199 2065 latus
230 2000 320 2065 loeus
354 2001 408 2084 sit,
446 2000 502 2064 sed
537 2000 634 2083 paulo
671 2002 748 2064 ante
783 2001 870 2065 iacta
902 2003 976 2064 sunt
1011 2000 1161 2068 funda-ao

113 2092 232 2153 menta.
281 2086 367 2152 Nam
395 2110 467 2153 cum
489 2088 570 2171 vim,
598 2110 678 2173 quae
707 2090 793 2152 esset
819 2089 854 2153 in
877 2089 1042 2168 sensibus,
1073 2111 1124 2154 ex·

112 2176 329 2260 plicabamus,
353 2176 450 2240 simul
472 2176 554 2240 illud
575 2177 789 2260 aperiebatur,
812 2177 999 2260 comprendi
1022 2178 1125 2243 multa

114 2269 147 2328 et
177 2264 299 2348 percipi
332 2265 494 2349 sensibus,
527 2264 610 2348 quod
639 2265 709 2328 fieri
737 2267 805 2329 sine
834 2264 1024 2331 adsensione
1060 2288 1125 2332 non

113 2356 230 2436 potest.
280 2353 404 2417 Deinde
433 2376 505 2418 cum
532 2354 618 2416 inter
644 2353 823 2418 inanimum
851 2357 883 2417 et
911 2355 1033 2417 animal
1063 2354 1125 2419 hoc

113 2441 251 2505 maxime
275 2442 418 2526 intersit,
442 2441 527 2526 quod
546 2441 668 2505 animal
687 2442 757 2526 agit
775 2441 897 2525 aliquid
920 2439 1019 2526 (nihil
1039 2443 1124 2507 enim
1137 2466 1161 2507 a

119 2551 218 2616 agens
246 2552 288 2594 ne
316 2530 454 2615 cogitari
482 2530 610 2614 quidem
637 2533 747 2613 potest
778 2530 873 2614 quale
906 2529 976 2615 sit),
1009 2535 1067 2595 aut
1096 2532 1126 2594 ei

114 2641 227 2684 sensus
261 2618 449 2683 adimendus
483 2621 533 2682 est
564 2621 620 2682 aut
656 2640 707 2702 11,
744 2640 825 2702 quae
862 2621 911 2682 est
947 2619 981 2682 in
1013 2623 1126 2685 nostra

62 2728 95 2778 38
113 2711 277 2791 potestate
306 2707 383 2790 sita,
413 2706 575 2770 reddenda
600 2706 758 2772 adsensio.
814 2707 861 2771 At
887 2728 964 2771 vero
997 2707 1125 2771 animus

114 2795 254 2879 quodam
281 2795 379 2860 modo
404 2795 540 2878 eripitur
566 2795 620 2877 iis,
643 2817 724 2878 quos
747 2816 851 2879 neque
880 2795 998 2859 sentire
1022 2817 1125 2880 neque

115 2883 270 2947 adsentiri
305 2882 429 2948 volunt.
488 2881 534 2946 Ut
565 2883 651 2947 enim
689 2904 820 2947 necesse
852 2887 902 2947 est
933 2883 1058 2947 lancem
1091 2884 1126 2947 in
1139 2909 1164 2948 a

114 2971 232 3035 libram
250 2971 445 3054 ponderibus
464 2970 628 3054 impositis
648 2970 798 3054 deprimi,
822 2971 868 3035 sic
892 2971 1036 3035 animum
1055 2994 1126 3056 per-

115 3060 235 3142 spicuis
263 3059 383 3123 cedere.
432 3058 518 3124 Nam
548 3081 610 3143 quo
644 3059 739 3124 modo
769 3080 837 3124 non
868 3062 977 3143 potest
1005 3059 1126 3124 animal

114 3147 215 3212 ullum
228 3170 294 3212 non
308 3147 458 3231 adpetere
472 3148 514 3227 id,
529 3147 613 3231 quod
629 3147 906 3212 accommodatum
921 3147 961 3211 ad
974 3151 1127 3212 naturam

115 3237 268 3320 adpareat
291 3233 420 3322 (Graeci
439 3235 473 3300 id
492 3237 616 3300 οἰκεῖον
635 3234 833 3319 appellant),
857 3235 904 3300 sic
926 3256 994 3299 non
1016 3239 1128 3319 potest

115 3326 275 3391 obiectam
298 3346 366 3388 rem
388 3324 592 3408 perspicuam
614 3345 680 3387 non
703 3322 894 3407 adprobare.
936 3322 1127 3406 Qamquam,
1140 3344 1165 3387 11

114 3414 142 3477 11
168 3414 239 3497 illa,
272 3413 311 3477 de
343 3413 459 3496 quibus
493 3411 693 3494 disputatum
722 3415 785 3494 est,
818 3432 894 3476 vera
922 3414 1011 3493 sunt,
1041 3411 1127 3475 nihil

64 3502 231 3648 Qet
256 3501 297 3567 de
323 3500 516 3566 adsensione
544 3498 676 3564 omnino
698 3499 796 3583 loqui
849 3499 1020 3576 Quonim
1050 3499 1129 3582 quid
