2346 3876
109 175 172 241 106
273 174 322 229 DE
340 171 485 230 FINIBUS
502 123 681 230 BONORllM
698 173 747 228 ΕΤ
765 172 949 228 MALORUM

106 335 290 421 importuno
312 340 443 421 tamque
466 336 599 421 crudeli3
624 335 689 419 sin,
710 339 749 400 ut
770 335 880 400 dolore
899 356 958 400 suc
977 336 1120 401 sanciret

106 425 256 490 militaris
283 425 412 509 imperii
438 424 642 507 disciplinam
666 424 904 509 exercitumque
932 425 968 488 in
994 425 1118 509 gravis·

107 515 189 579 simo
221 513 307 579 bello
340 511 627 578 animadversionis
662 515 749 576 metu
788 512 982 596 contineret,
1019 513 1118 577 saluti

106 601 271 685 prospexit
306 601 438 685 civium,
474 622 538 685 qua
573 600 785 684 intellegebat
821 600 980 665 contineri
1017 623 1117 666 suam.

52 701 88 750 36
106 689 213 774 Atque
244 690 325 755 haec
356 690 441 755 ratio
472 689 538 752 late
569 691 668 772 patet.
712 687 751 752 In
779 709 842 772 quo
868 688 955 752 enim
977 690 1151 758 maximos

106 778 273 844 consuevit
295 778 416 843 iactare
434 780 543 841 vestra
561 797 595 840 se
619 777 737 860 oratio,
759 778 817 841 tua
838 778 1041 861 praesertim,
1064 777 1118 861 qni

106 866 249 931 studiose
277 867 412 950 antiqua
437 863 651 949 persequeris,
679 864 775 929 claris
804 867 837 928 et
863 864 1005 930 fortibus
1038 866 1116 930 viris

107 954 395 1020 commemorandis
419 974 593 1038 eorumque
614 952 711 1017 factis
729 973 795 1017 non
818 954 1036 1019 emolumento
1061 953 1116 1018 cli·

107 1065 185 1128 quo,
208 1041 264 1106 sed
286 1042 387 1126 ipsius
409 1040 588 1106 honestatis
612 1040 725 1105 decore
747 1039 931 1125 laudandis,
954 1041 989 1105 id
1011 1044 1116 1107 totum

107 1131 263 1195 evertitur
289 1151 327 1195 eo
355 1129 473 1194 dilectu
500 1151 620 1212 rerum,
648 1150 742 1212 quem
765 1129 861 1194 modo
890 1128 970 1214 dixi,
999 1130 1149 1196 consti-u

105 1222 187 1301 tuto,
205 1221 243 1281 ut
257 1221 314 1281 aut
326 1218 509 1300 voluptates
528 1218 722 1282 omittantur
736 1217 894 1282 maiorum
912 1218 1116 1302 voluptatum

107 1304 385 1389 adipiscendarum
404 1326 500 1369 causa
514 1308 572 1369 aut
585 1304 712 1371 dolores
727 1305 942 1389 suscipiantur
958 1307 1115 1372 maiorum

108 1394 255 1459 dolorum
279 1392 532 1478 effugiendorum
555 1394 670 1478 gratia.

174 1479 236 1546 Sed
268 1481 306 1547 de
336 1481 496 1547 clarorum
527 1481 696 1546 hominum
731 1481 827 1546 factis
864 1482 1050 1548 illustribus
1086 1486 1116 1548 et

107 1570 258 1655 gloriosis
289 1570 369 1634 satis
400 1569 463 1635 hoc
489 1570 560 1635 loco
589 1570 710 1635 dictum
737 1569 789 1634 sit.
838 1570 913 1635 Erit
940 1571 1028 1635 enim
1053 1572 1148 1637 iamu

107 1661 147 1723 de
179 1659 322 1724 omnium
351 1657 508 1723 virtutum
535 1677 629 1723 cursu
662 1658 703 1722 ad
733 1657 937 1741 voluptatem
966 1660 1115 1743 proprius

107 1746 283 1812 disserendi
318 1748 416 1812 locus.
474 1744 569 1811 Nunc
605 1749 713 1810 autem
750 1746 931 1830 explicabo,
967 1748 1120 1832 voluptas·

107 1837 179 1918 ipsa
207 1856 289 1919 quae
317 1835 487 1918 qualisque
514 1834 570 1912 sit,
597 1837 634 1898 ut
660 1834 796 1899 tollatur
819 1856 908 1899 error
930 1836 1036 1901 omnis
1060 1837 1117 1900 im-

106 1923 285 2006 peritorum
312 1921 597 2006 intellegaturque,
625 1943 676 2007 ea,
703 1943 784 2007 quae
812 1923 1010 2007 voluptaria,
1039 1923 1116 1989 deli-

108 2014 195 2094 cata,
217 2009 325 2075 mollis
347 2009 507 2074 habeatur
532 2009 717 2094 disciplina,
745 2032 842 2094 quam
869 2011 993 2095 gravis,
1019 2033 1150 2095 quamn

107 2098 289 2181 continens,
318 2118 413 2181 quam
441 2119 554 2162 severa
581 2098 632 2163 sit.
682 2096 758 2163 Non
786 2100 872 2162 enim
898 2099 985 2164 hanc
1015 2101 1116 2164 solam

109 2186 285 2271 sequimur,
309 2208 390 2270 qnae
409 2187 568 2250 suavitate
587 2187 696 2270 aliqua
713 2189 863 2250 naturam
881 2187 988 2270 ipsam
1010 2191 1118 2252 movet

108 2280 142 2340 et
169 2296 242 2339 cnm
269 2274 469 2338 iucunditate
497 2275 633 2358 quadam
664 2275 840 2357 percipitur
867 2275 1029 2356 sensibus,
1063 2275 1118 2341 sed

108 2364 284 2427 maximam
306 2363 507 2445 voluptatem
530 2363 622 2426 illam
645 2361 815 2446 habemus,
839 2384 920 2447 quae
941 2365 1118 2447 percipitur

108 2451 196 2516 omni
219 2450 329 2516 dolore
353 2451 506 2515 detracto.
550 2449 636 2516 Nam
660 2452 824 2534 quoniam,
853 2471 924 2515 cum
951 2452 1152 2534 privamurrs

107 2539 231 2624 dolore,
258 2540 330 2624 ipsa
356 2539 546 2604 liberatione
575 2541 607 2602 et
629 2538 792 2603 vacuitate
820 2539 926 2603 omnis
949 2541 1118 2604 molestiae

107 2628 298 2713 gaudemus,
327 2649 421 2693 omne
448 2630 555 2691 autem
584 2626 631 2711 id,
659 2648 721 2712 quo
750 2626 939 2712 gaudemus,
965 2628 1118 2712 voluptas

109 2720 171 2798 est,
198 2720 236 2780 ut
264 2737 370 2800 omne,
398 2736 461 2799 quo
490 2714 696 2796 offendimur,
727 2715 834 2799 dolor,
863 2714 984 2781 doloris
1013 2716 1119 2781 omnis

107 2805 247 2888 privatio
270 2807 356 2868 recte
378 2803 545 2868 nominata
568 2807 617 2867 est
639 2802 800 2886 voluptas.
849 2801 895 2867 Ut
917 2802 1018 2888 enim,
1047 2825 1118 2869 cum

108 2892 180 2957 cibo
209 2894 241 2955 et
267 2892 398 2975 potione
425 2890 528 2955 fames
556 2890 690 2974 sitisque
718 2891 851 2974 depulsa
878 2894 941 2974 est,
970 2891 1044 2974 ipsa
1066 2892 1155 2957 de-so

107 2979 224 3044 tractio
247 2979 415 3044 molestiae
444 2979 703 3045 consecutionem
732 2979 827 3043 affert
853 2978 1045 3065 voluptatis,
1074 2981 1121 3045 sic

107 3069 143 3132 in
171 3067 259 3131 omni
281 3086 315 3129 re
337 3066 457 3131 doloris
481 3068 602 3131 amotio
626 3067 860 3132 successionem
884 3067 984 3131 efficit
1005 3069 1120 3152 volup·

53 3175 89 3224 38
109 3156 197 3221 tatis.
237 3153 353 3239 Itaque
375 3175 441 3218 non
463 3154 585 3236 placuit
607 3153 749 3238 Epicuro
774 3154 915 3218 medium
934 3176 1005 3220 esse
1029 3157 1120 3241 quid·

108 3245 183 3309 dam
211 3243 296 3306 inter
323 3241 467 3307 dolorem
495 3245 527 3306 et
553 3243 768 3326 voluptatem,
791 3241 871 3307 illud
894 3242 980 3306 enim
1003 3244 1121 3329 ipsum,

108 3332 194 3417 quod
222 3329 413 3414 quibusdam
447 3328 588 3395 medium
615 3330 756 3415 videtur,
786 3351 859 3395 cum
887 3331 975 3397 omni
1007 3331 1157 3398 dolores

108 3422 244 3501 careret,
276 3439 343 3483 non
378 3418 474 3484 modo
511 3419 710 3502 voluptatem
749 3440 834 3503 esse,
870 3439 983 3484 verum
1020 3421 1120 3485 etiam

95 3528 262 3572 summam
288 3508 498 3593 voluptatem.
538 3506 691 3593 Quisquis
714 3506 802 3573 enim
825 3507 937 3591 sentit,
961 3528 1058 3591 quem
1081 3507 1122 3573 ad

56 1450 95 1513 11

52 1529 88 1577 ar
