2356 3870
287 172 355 228 ΜΒ.
373 171 421 227 lv.
450 171 527 228 caP.
550 178 669 228 12-14.
699 178 854 237 §ar-eo.
1010 172 1076 236 215

71 334 152 417 quod
174 335 208 399 in
232 355 270 399 eo
295 334 337 398 sit
361 334 533 418 optimum,
562 337 594 397 et
616 335 651 398 in
674 334 741 398 eius
764 335 860 398 unius
884 340 1075 418 occupatum

73 442 136 485 esse
163 422 324 505 custodia,
350 422 554 506 reliquasque
580 426 713 486 naturas
740 422 823 486 nihil
851 423 938 486 aliud
971 443 1075 506 agere,

76 509 132 572 nisi
152 514 189 574 ut
214 509 250 573 id
277 513 482 592 conservent,
513 509 599 593 quod
617 510 657 574 ‘in
679 531 804 594 quaque
828 511 987 593 optimum
1011 511 1075 575 sit?

79 595 138 671 Quo
155 598 252 662 modo
267 601 376 662 autem
391 598 559 680 optimum,
578 598 607 661 si
624 598 746 661 bonum
764 601 931 680 praeterea
949 599 1074 662 nullum

64 685 140 748 sest?
192 683 251 750 Sin
278 689 386 750 autem
413 686 538 771 reliqua
565 686 747 769 appetenda
776 689 865 768 sunt,
894 708 962 770 our,
990 687 1075 770 quod

85 777 124 836 est
149 773 301 838 ultimum
332 795 439 838 rerum
476 774 741 857 appetendarum,
777 774 810 837 id
846 796 912 838 non
950 778 1005 839 aut
1037 797 1074 837 ex

86 861 209 924 omnium
242 882 351 926 earum
388 866 445 927 aut
478 884 515 925 ex
554 862 767 945 plurimarum
798 865 831 926 et
862 862 1074 926 maximarum

88 949 266 1031 appetitione
289 951 511 1014 concluditur?
561 949 609 1014 Ut
630 948 763 1015 Phidias
790 954 898 1033 potest
926 972 945 1014 a
967 951 1072 1033 primo

87 1034 235 1102 instituere
262 1038 391 1122 signum
418 1038 513 1121 idque
540 1038 705 1120 perficere,
733 1041 843 1120 potest
872 1039 913 1102 ab
938 1039 1002 1102 alio
1025 1040 1072 1102 in-

61 1121 216 1190 uoluatum
249 1127 392 1209 accipere
425 1129 457 1190 et
485 1125 665 1210 absolvere,
695 1125 771 1191 huie
802 1126 917 1190 similis
945 1130 995 1191 est
1025 1149 1071 1191 sa·

89 1211 202 1298 pientia3
231 1235 298 1278 non
325 1214 410 1278 enim
437 1214 510 1297 ipsa
533 1213 645 1297 genuit
667 1213 845 1298 hominem,
872 1215 928 1279 sed
952 1216 1074 1298 aceepit

90 1304 222 1366 enatura
244 1301 442 1366 inchoatum.
486 1300 579 1365 Hane
607 1323 685 1386 ergo
712 1302 841 1367 intuens
865 1303 959 1367 debet
982 1304 1072 1368 insti-

90 1386 173 1452 tutum
196 1389 279 1453 illud
306 1389 399 1474 quasi
422 1389 552 1474 signum
579 1389 757 1454 absolvere.
808 1389 944 1465 Qualem
972 1391 1073 1475 igitur
1093 1411 1127 1457 35

90 1469 228 1542 honinem
250 1480 369 1542 natura
391 1477 579 1542 inchoavit?
603 1481 637 1540 et
659 1478 744 1561 quod
767 1466 818 1540 esit
840 1500 965 1561 munus,
990 1480 1073 1562 quod

60 1580 151 1644 uopus
172 1565 371 1649 sapientiae?
395 1566 473 1648 quid
495 1569 557 1649 est,
580 1565 666 1648 quod
685 1566 726 1629 ab
746 1586 784 1628 ea
803 1565 928 1629 absolvi
950 1569 983 1629 et
1004 1587 1075 1648 per·

90 1646 130 1714 fici
147 1652 280 1717 debeat?
334 1651 369 1717 Si
396 1653 480 1717 nihil
507 1653 542 1717 in
570 1674 622 1737 eo,
649 1653 733 1736 quod
760 1652 990 1735 perficiendum
1017 1657 1074 1736 est,

88 1743 195 1818 praeter
225 1744 350 1806 motum
382 1740 506 1824 ingenii
542 1740 715 1824 quendam,
751 1741 785 1804 id
821 1744 872 1804 est
906 1741 1074 1823 rationem,

89 1843 196 1893 neeesse
223 1831 273 1893 est
299 1828 374 1893 huic
401 1829 553 1892 ultimum
581 1850 650 1893 esse
679 1851 718 1892 ex
739 1828 861 1892 virtute
886 1849 994 1912 agere,
1024 1850 1074 1891 ra·

88 1911 167 1980 tionis
189 1917 275 1981 enim
297 1916 452 2001 perfectio
481 1920 531 1980 est
556 1917 675 1999 virtus3
704 1916 732 1980 si
753 1916 836 1980 nihil
862 1917 927 1980 nisi
950 1938 1074 1999 eorpus,

58 2019 194 2069 asumma
212 2007 306 2069 erunt
326 2005 398 2070 illa:
421 2004 586 2086 valetudo,
606 2004 755 2090 ⁴vaouitas
778 2004 912 2089 doloris,
934 2004 1073 2088 pulchri·

87 2089 159 2174 tudo,
180 2097 296 2158 cetera.
341 2091 436 2157 Nune
459 2093 498 2156 de
521 2091 661 2156 hominis
685 2114 810 2157 summo
838 2093 923 2158 bono
951 2094 1073 2176 quaeri·

86 2177 135 2263 tir3
177 2180 255 2265 quid
295 2180 397 2264 igitur
438 2180 623 2245 dubitamus
668 2179 703 2244 in
743 2183 813 2245 tota
850 2181 917 2245 eius
955 2159 1126 2283 natura134l,

85 2285 220 2348 quaerere
243 2269 320 2352 quid
344 2269 388 2332 sit
410 2267 580 2332 effectum?
624 2265 705 2332 (lum
729 2269 814 2332 enim
838 2271 966 2333 constet
988 2269 1073 2333 inter

83 2372 177 2421 omnes
200 2378 295 2421 omne
315 2356 458 2421 officium
477 2377 656 2440 munusque
675 2356 853 2438 sapientiae
877 2356 911 2418 in
931 2356 1073 2420 hominis

55 2443 155 2508 urultu
187 2467 257 2510 esse
289 2446 494 2527 occupatum,
526 2444 583 2507 alii
610 2441 664 2528 (ne
691 2465 743 2507 me
773 2444 935 2512 existimes
963 2448 1073 2508 eontra

80 2526 192 2598 Stoicos
236 2533 341 2597 solum
377 2529 495 2618 dicere)
538 2554 592 2595 ees
630 2531 808 2596 sententias
850 2531 1000 2614 afferunt,
1037 2534 1073 2594 ut

77 2639 226 2685 summum
247 2621 370 2685 bonum
392 2619 485 2684 ineo
509 2640 623 2704 genere
646 2623 783 2703 ponant,
807 2619 892 2702 quod
916 2620 960 2683 sit
983 2623 1073 2682 extra

73 2712 210 2773 nostram
233 2710 441 2791 potestatem,
467 2710 635 2791 tamquam
662 2707 701 2771 de
725 2707 869 2790 inanimo
894 2708 1002 2792 aliquo
1025 2708 1071 2771 lo·
1164 2743 1166 2747 ·

72 2800 218 2880 quantur,
241 2796 297 2861 alii
316 2799 441 2877 eontra,
465 2796 556 2879 quasi
576 2816 690 2877 eorpus
709 2795 835 2858 nullum
854 2795 898 2859 sit
920 2795 1071 2874 hominia,

42 2883 111 2949 uita
131 2889 264 2970 praeter
282 2884 426 2948 animum
444 2883 527 2946 nihil
546 2887 673 2966 curant,
697 2905 770 2946 oum
793 2884 984 2965 praesertim
1002 2885 1072 2967 ipse

66 2993 190 3058 quoque
209 2972 337 3036 animus
355 2993 421 3036 non
438 2971 534 3035 inane
557 2970 665 3034 nescio
688 2970 764 3054 quid
783 2971 827 3035 sit
850 2969 966 3056 (neque
985 2973 1072 3036 enim

62 3061 95 3126 id
125 3082 261 3146 possum
293 3055 512 3144 intellegere),
545 3059 600 3123 sed
626 3059 662 3121 in
689 3058 828 3142 quodam
860 3080 977 3145 genere
1004 3081 1072 3125 cor-

59 3150 168 3234 poris,
188 3151 226 3213 ut
247 3168 288 3210 ne
310 3147 338 3211 is
362 3147 491 3231 quidem
513 3146 633 3210 virtute
656 3168 722 3211 una
743 3150 915 3212 contentus
940 3149 992 3230 sit,
1016 3147 1072 3211 sed

57 3239 197 3323 appetat
227 3235 424 3299 vacuitatem
456 3234 585 3298 doloris.
640 3233 743 3309 Quam
772 3236 813 3300 ob
843 3257 912 3300 rem
943 3236 1071 3317 utrique

40 3327 147 3393 iidem
169 3323 309 3406 faciunt,
336 3326 373 3388 ut
400 3322 427 3386 si
454 3323 580 3386 laevam
603 3326 727 3404 partem
753 3323 975 3408 neglegerent,
998 3322 1073 3384 dex-

50 3421 166 3483 teram
192 3415 374 3495 tuerentur,
403 3413 460 3474 aut
486 3410 589 3493 ipsius
622 3411 735 3492 animi,
766 3413 804 3474 ut
834 3410 911 3473 feeit
937 3409 1072 3490 Erillus,

49 3500 282 3591 cognitionem
324 3498 601 3583 amplexarentur,
642 3497 801 3562 sotionem
844 3497 1072 3581 relinquerent.
