2356 3870
117 142 186 208 464
315 137 613 196 TUSCULANARUM
632 137 936 194 DISPUTATIONUM

118 301 386 455 ,mppqan
405 324 505 454 {lm
519 300 1130 454 timu²⁸t⁶tl⁰a⁰⁰¹¹ltt¹¹lnttbilti

118 413 278 561 viddre'nt,
300 412 422 541 idlldnid
435 411 636 542 infisdltldtdndl
646 412 775 543 ddrmem
792 409 1072 560 pderegrinabatdr,
1095 480 1132 540 ut

118 566 208 629 nulla
229 565 264 629 in
287 565 489 629 extremitate
511 565 711 630 consisteret.
763 564 932 628 Traditum
955 567 1007 628 est
1032 565 1130 629 etiam

118 652 296 717 Homerum
314 673 443 716 caecum
460 652 574 736 fuisse,
598 655 634 717 at
651 653 719 717 eius
737 652 912 736 picturam,
931 672 1000 716 non
1017 652 1152 735 potsins

118 740 274 804 ridemus.
324 739 413 814 Quae
440 740 543 824 regio,
570 761 653 824 quae
675 761 744 823 ora,
775 739 831 823 qui
853 739 945 803 locus
970 738 1131 822 Graeciae,

120 849 202 912 quae
229 827 351 911 species
377 829 545 911 formaque
571 847 712 912 pugnae,
740 848 822 912 quae
845 827 945 904 acies,
974 828 1062 911 quod
1084 849 1131 892 re-

119 915 270 998 migium,
300 915 355 999 qui
385 919 492 979 motus
520 914 703 998 hominum,
733 915 788 998 qui
817 915 961 978 ferarum
991 936 1058 980 non
1084 915 1131 979 ita

120 1003 264 1086 expictus
288 1007 350 1081 est,
378 1006 428 1080 nt,
455 1023 536 1086 quae
562 1002 632 1086 ipse
654 1024 720 1068 non
743 1001 872 1085 viderit,
902 1023 963 1066 nos
986 1006 1025 1066 ut
1046 1003 1130 1067 vide·

120 1112 241 1172 remus,
264 1090 427 1154 effecerit?
468 1090 553 1165 Quid
576 1091 675 1174 ergo?
699 1093 756 1154 aut
777 1088 921 1153 Homero
944 1088 1131 1155 delectatio·
1144 1114 1166 1153 ro

97 1187 100 1196 '
120 1199 195 1242 nem
219 1177 319 1240 animi
342 1198 379 1241 ac
402 1177 603 1260 voluptatem
621 1181 678 1242 aut
701 1178 850 1262 cuiquam
870 1177 967 1242 docto
991 1178 1131 1242 defuisse

69 1279 120 1329 115
143 1285 297 1348 umquam
311 1264 528 1329 arbitramur?
544 1267 608 1348 aut,
621 1266 655 1330 ni
668 1266 719 1330 ita·
730 1287 764 1329 se
778 1287 830 1329 res
843 1264 990 1347 haberet,
1004 1264 1131 1330 Anaxa·

121 1373 219 1439 goras
238 1353 296 1416 aut
312 1351 366 1416 hic
385 1353 454 1435 ipse
467 1351 673 1418 Democritus
692 1373 788 1438 agros
807 1355 841 1416 et
856 1352 1058 1436 patrimonia
1076 1374 1130 1418 sua

120 1439 338 1523 reliquissent,
369 1440 445 1505 huie
476 1440 619 1504 discendi
651 1440 886 1524 quaerendique
918 1440 1048 1504 divinae
1080 1441 1129 1504 de·

120 1526 291 1592 lactationi
316 1531 386 1592 toto
410 1549 444 1591 se
468 1529 576 1592 animo
604 1527 788 1592 dedissent?
833 1526 948 1611 Itaque
975 1548 1129 1612 augurem
1142 1548 1164 1590 15

120 1615 290 1696 Tiresiam,
318 1637 412 1698 quem
440 1616 619 1698 sapientem
645 1616 773 1700 fingunt
794 1618 923 1699 potitae,
953 1636 1129 1699 numquam

120 1702 278 1766 inducunt
296 1701 518 1785 deplorantem
536 1703 724 1768 caecitatem
739 1725 839 1767 suam.
871 1702 918 1765 At
935 1723 1014 1768 vcro
1033 1701 1130 1786 Poly-

120 1789 274 1873 phemum
302 1789 463 1855 Homerus
492 1812 565 1854 cnm
593 1791 756 1855 inmanem
785 1790 953 1873 ferumque
975 1791 1130 1871 finxisset,

121 1899 195 1942 curn
221 1877 321 1940 ariete
344 1878 442 1942 etiam
465 1878 711 1961 conloquentem
740 1878 819 1942 facit
842 1878 974 1959 eiusque
997 1876 1130 1941 laudare

120 1965 282 2047 fortunas,
313 1965 410 2048 quod,
440 1986 504 2048 qua
532 1965 645 2048 vellet,
674 1966 801 2050 ingredi
830 1967 940 2048 posset
970 1967 1017 2047 et,
1049 1986 1130 2049 quae
1144 1989 1166 2029 n

120 2053 232 2135 vellet,
255 2052 424 2136 attingere.
462 2051 560 2116 Recte
582 2053 636 2117 hic
657 2053 800 2137 quidem3
821 2051 924 2116 nihilo
949 2051 1038 2116 enim
1062 2056 1131 2116 erat

121 2141 191 2224 ipse
215 2138 354 2223 Cyclops
378 2160 476 2222 quam
499 2140 582 2204 aries
604 2140 659 2205 ille
680 2140 877 2224 prudentior.

67 2199 113 2263 40
188 2225 227 2292 In
254 2226 411 2290 surditate
437 2247 514 2292 vero
542 2227 695 2311 quidnam
723 2231 774 2292 est
801 2224 901 2292 mali?
952 2227 1035 2293 Erat
1064 2250 1131 2292 sur·

70 2277 230 2380 116daster
260 2313 304 2378 M.
336 2311 487 2398 Crassus,
519 2315 573 2380 sed
603 2315 689 2380 aliud
718 2315 898 2396 molestius,
928 2315 1017 2398 qnod
1049 2316 1130 2380 male

123 2403 285 2485 audiebat,
308 2403 450 2484 etiamsi,
479 2405 516 2466 ut
538 2403 619 2467 mihi
641 2403 823 2485 videbatur,
845 2401 972 2466 iniuria.
1016 2401 1168 2468 Nostris

122 2492 243 2557 Graece
269 2491 337 2554 fere
364 2491 513 2554 nesciunt
535 2511 594 2555 nec
617 2489 730 2555 Graeci
752 2488 879 2555 Latine.
923 2488 1014 2574 Ergo
1041 2490 1077 2553 hi
1099 2492 1133 2555 in

121 2581 252 2645 illorum
284 2582 317 2642 et
348 2578 398 2651 illi
430 2578 464 2642 in
495 2577 610 2642 horum
642 2598 789 2642 sermone
821 2576 923 2660 surdi,
957 2598 1132 2661 omnesque

121 2670 201 2733 item
227 2689 287 2732 nos
310 2666 406 2730 iniis
433 2665 567 2750 linguis,
595 2686 675 2748 quas
698 2685 765 2730 non
790 2663 1023 2748 intellegimus,
1051 2686 1132 2748 quae

121 2760 198 2821 sunt
220 2753 484 2833 innumerabiles,
507 2753 596 2817 surdi
618 2751 764 2836 profecto
788 2773 908 2816 sumus.
952 2751 999 2815 At
1021 2773 1133 2817 vocem

83 2902 87 2908 .
122 2842 303 2909 citharoedi
323 2863 390 2906 non
413 2840 555 2906 audiunt.
591 2839 641 2905 Ne
665 2839 838 2904 stridorem
864 2838 994 2923 quidem
1018 2859 1167 2922 serrae,n

121 2934 192 2996 tum
214 2950 287 2994 cum
311 2929 448 3011 acuitur,
472 2930 529 2992 aut
551 2927 752 3012 grunditum,
770 2948 843 2991 cum
867 2926 1044 3010 iugulatur,
1069 2926 1132 2991 suis

121 3041 196 3102 neo,
232 3036 305 3080 cum
342 3016 504 3100 quiescere
540 3016 666 3098 volunt,
701 3014 865 3079 fremitum
899 3015 1133 3079 murmurantis

89 3142 90 3149 κ
123 3105 236 3187 maris3
259 3106 293 3168 et
315 3103 344 3166 si
367 3106 480 3166 cantus
499 3125 553 3168 eos
576 3102 661 3167 forte
682 3101 856 3183 delectant,
881 3100 1024 3184 primum
1048 3101 1135 3185 cogi·

123 3196 193 3258 tare
215 3192 346 3273 debent,
369 3192 443 3254 ante
466 3212 564 3273 quam
586 3189 622 3254 hi
646 3189 711 3254 sint
733 3188 869 3270 inventi,
892 3188 1017 3253 multos
1040 3190 1133 3254 beate

123 3276 242 3347 risisse
262 3279 437 3362 sapientes,
459 3277 573 3342 deinde
591 3278 695 3342 multo
714 3276 869 3341 maiorem
891 3276 1016 3360 percipi
1040 3297 1133 3360 posse
1146 3295 1169 3337 as

72 3391 121 3442 11⁷
146 3369 290 3455 legendis
318 3366 369 3430 his
397 3385 492 3448 quam
520 3363 687 3428 audiendis
715 3364 924 3446 voluptatem.
971 3363 1070 3447 Tum,
1098 3367 1134 3429 ut

122 3459 220 3545 paulo
253 3458 329 3522 ants
361 3475 473 3520 coccos
506 3453 547 3517 ad
579 3452 706 3517 aurium
741 3450 990 3517 traducebamus
1023 3453 1135 3537 volup·

131 3804 210 3816 *ι
