2346 3876
251 153 318 208 LIB,
337 152 357 208 Ι.
387 151 463 208 CAP.
483 158 606 208 29-31.
634 157 649 216 a
669 158 790 208 vr-vc.
960 151 1024 216 3οῙ

22 317 56 381 >b
86 336 221 399 eamque
248 336 379 380 causam
407 313 646 396 contemplandi
673 313 877 397 diligentiam
906 314 1025 377 amitti-

22 425 97 468 mus.
129 401 243 486 Itaque
257 401 420 485 dubitans,
438 402 717 502 circumspectans,
734 400 908 503 haesitans,
922 403 1026 466 multa

22 492 153 556 adversa
179 510 328 555 reverens
356 491 560 573 tamquam
550 513 584 553 ιιι
606 489 734 553 ratem
765 490 847 553 mari
880 489 1025 554 inmenso

22 583 128 644 nostra
150 578 278 642 vehitur
300 579 393 643 ratio.
430 575 491 641 sed
509 577 590 641 haec
611 581 644 641 et
666 581 776 641 vetera
795 580 828 640 et
847 599 866 641 a
885 576 1025 642 Graecis.
1045 590 1079 637 74

22 665 98 731 [lato
132 669 190 731 aut
191 688 241 730 em
274 666 321 732 sic
357 665 438 730 abiit
424 669 489 728 te
521 666 604 747 vita,
635 669 673 728 ut
704 687 835 729 causam
867 664 1026 730 moriendi

22 759 148 819 nactum
172 775 301 819 seesse
330 754 493 837 gauderet.
538 752 638 816 Vetat
665 753 751 816 enim
779 753 948 817 dominans
970 752 1025 816 ille

22 843 50 906 in
76 843 173 907 nobis
202 841 278 906 deus
305 841 431 906 iniussu
458 841 535 904 hinc
563 863 622 906 nos
646 863 704 905 suo
728 841 923 925 demigrare,
953 861 1026 904 cum

22 951 90 996 vero
110 951 242 994 causam
261 930 380 993 iustam
400 929 476 992 deus
496 929 565 1012 ipse
584 927 721 1012 dederit,
743 933 780 992 ut
797 933 873 993 tunc
892 927 1026 1010 Socrati,

22 1039 99 1083 nunc
127 1016 259 1094 Catoni,
288 1038 382 1099 saepe
410 1016 533 1100 multis,
560 1038 600 1081 ne
629 1017 683 1081 ille
713 1017 952 1081 mediusfidius
976 1017 1027 1080 vir

22 1108 147 1189 sapiens
166 1105 269 1169 laetus
289 1126 327 1168 ex
344 1105 397 1168 his
421 1105 563 1168 tenebris
586 1105 621 1169 in
643 1105 748 1169 lucem
772 1105 861 1168 illam
884 1126 1024 1169 excesse-

22 1195 72 1276 rit,
94 1215 157 1259 nec
180 1196 288 1256 tamen
310 1193 368 1257 illa
386 1192 492 1256 vincla
511 1193 646 1256 carceris
669 1193 792 1276 ruperit
815 1192 916 1278 (leges
940 1193 1026 1257 enim

22 1279 157 1363 vetant),
190 1279 247 1344 sed
277 1284 444 1363 tamquam
477 1303 495 1344 a
527 1281 724 1364 magistratu
756 1285 812 1345 aut
843 1283 885 1346 ab
914 1282 1027 1365 'aliqua

22 1371 180 1435 ootestate
202 1368 364 1468 legitima,
392 1369 438 1432 sic
466 1390 486 1432 a
512 1367 570 1433 deo
594 1372 745 1432 evocatus
768 1373 867 1452 atque
891 1369 1026 1434 emissus

22 1457 139 1522 exierit.
185 1454 269 1520 'l'ota
292 1456 378 1519 enim
401 1456 671 1539 philosophorum
694 1456 776 1538 vit,a
803 1460 840 1520 ut
862 1457 910 1520 ait
932 1456 1025 1539 idem,

22 1543 247 1612 sommentatio
279 1543 393 1608 mortis
426 1548 484 1608 est.
540 1543 627 1608 Nam
658 1544 734 1627 quid
767 1543 853 1607 aliud
890 1565 1078 1640 agmins,
1036 1517 1077 1580 31

21 1655 88 1698 um
117 1654 138 1696 a
164 1633 343 1714 voluptate,
371 1631 404 1694 id
432 1636 482 1694 est
509 1655 528 1696 a
557 1653 704 1714 corpore,
731 1653 802 1695 cum
829 1653 854 1694 a
871 1653 904 1694 re
931 1631 1026 1695 fami

23 1721 103 1804 iari,
127 1741 209 1802 quae
232 1723 282 1784 est
303 1719 416 1782 minist
418 1742 454 1782 ra
476 1723 509 1782 et
530 1719 653 1783 famula
672 1719 830 1802 corporis,
854 1741 926 1783 cum
948 1741 969 1783 a
991 1741 1026 1783 re

22 1807 162 1907 sublica,
203 1828 277 1871 cum
314 1829 333 1870 a
364 1807 496 1906 negotio
529 1808 618 1871 omni
657 1828 843 1871 sevocamus
874 1808 1026 1908 animum,

22 1895 107 1982 quid,
132 1895 276 1978 inquam,
299 1897 369 1958 tum
393 1895 531 1978 agimus,
554 1895 619 1959 nisi
642 1896 785 1959 animum
804 1894 845 1958 ad
867 1917 900 1959 se
919 1895 1026 1978 ipsum

22 1984 226 2065 sdvocamus,
250 2003 358 2047 seeum
377 2003 447 2046 esse
466 1983 612 2066 cogimus
636 1983 837 2083 maximeque
855 2005 875 2048 a
892 2005 1026 2068 corpore

21 2032 229 2138 tbducimus‘l
258 2068 428 2135 Secernere
442 2074 549 2135 autem
564 2093 584 2134 a
598 2093 730 2154 corpore
746 2072 889 2135 animum
899 2072 1027 2156 ecquid·

22 2181 93 2224 ram
118 2158 273 2222 aliudt
229 2163 273 2222 est
293 2159 357 2222 uisi
376 2158 459 2222 mori
482 2158 624 2222 discere?
662 2159 767 2234 Quare
789 2159 850 2224 boc
868 2181 1026 2224 commen-

22 2269 137 2328 emur,
160 2245 241 2309 mihi
264 2244 378 2327 crede,
392 2245 677 2346 disiungamusque
701 2268 759 2311 nos
783 2271 803 2311 a
826 2248 1026 2348 corporibus,

22 2335 48 2400 d
78 2337 130 2398 est
156 2354 400 2398 consuescamus
428 2336 519 2399 mori.
569 2334 655 2416 Hoc,
684 2338 717 2398 et
747 2335 821 2398 dum
851 2335 968 2399 erimus
992 2337 1027 2399 in

22 2423 128 2501 orris,
155 2422 217 2484 erit
243 2420 291 2485 illi
319 2421 449 2521 caelest'
424 2424 452 2485 ιι
473 2421 559 2486 vitae
583 2385 702 2504 simile,
730 2425 858 2486 etcum
886 2421 964 2485 illuc
986 2437 1026 2487 ex

22 2511 67 2575 ιιι
96 2509 212 2574 vinclis
240 2508 350 2572 emissi
377 2508 532 2592 feremur,
564 2510 669 2572 minus
703 2508 884 2573 tardabitur
914 2530 1025 2573 cursus

22 2599 207 2663 animorum.
251 2595 337 2660 Nam
360 2597 414 2679 qui
431 2598 472 2660 in
496 2597 703 2680 compedibus
731 2597 875 2680 corporis
900 2618 1026 2680 semper

22 2687 160 2767 fuerunt,
187 2685 285 2749 etiam
312 2706 385 2748 cum
408 2684 507 2748 soluti
531 2688 618 2767 sunt,
648 2685 771 2749 tardius
794 2685 1025 2769 ingrediuntur,

22 2778 51 2839 at
77 2774 117 2855 ii,
152 2772 207 2855 qui
233 2772 319 2836 ferro
347 2772 448 2835 vincti
476 2773 595 2836 multos
628 2795 728 2836 annos
760 2771 898 2837 fuerunt.
954 2772 1024 2848 Quo

22 2882 88 2926 rum
121 2860 315 2943 venerimus,
348 2864 418 2924 tum
452 2858 587 2943 denique
619 2861 772 2925 vivemus.
827 2859 913 2925 Nam
946 2860 1025 2927 haec

22 2948 147 3034 quidem
178 2947 247 3012 vita
277 2969 364 3011 mors
398 2950 459 3029 est,
491 2969 588 3030 quarn
620 2947 792 3013 lamentari
824 2970 967 3033 possem,
997 2951 1024 3014 si

22 3037 142 3103 cibaret.

73 3124 123 3204 Α.
149 3120 238 3188 Satis
256 3126 293 3187 tu
311 3121 440 3206 quidem
458 3122 494 3186 in
512 3121 741 3189 Consolatione
761 3146 794 3188 es
814 3126 1022 3209 lamentatus,
1044 3147 1076 3194 76

22 3235 114 3298 quam
137 3233 210 3276 eum
232 3211 320 3295 lego,
342 3210 426 3274 nihil
449 3211 534 3276 malo
558 3234 656 3295 quam
678 3213 737 3277 has
761 3235 812 3277 res
836 3214 1023 3296 relinquere,

22 3302 67 3367 ιιι
90 3321 168 3365 vero
190 3298 287 3363 modo
311 3298 429 3363 auditis
451 3299 555 3364 multo
578 3300 693 3386 magis.

80 3394 126 3453 Μ.
149 3386 267 3452 Veniet
291 3390 432 3470 tempus,
466 3389 498 3451 et
525 3388 652 3470 quidem
684 3388 841 3470 celeriter,
876 3388 943 3450 sive
975 3408 1022 3451 re·

22 3475 172 3542 tractabis
200 3475 268 3540 sive
294 3475 498 3558 properabis,
527 3475 614 3540 volat
637 3476 720 3540 enim
745 3479 861 3615 aet‘qqq
882 3474 1021 3539 Tantum
