2356 3870
124 149 193 214 384
322 148 621 204 TUSCULANARUM
638 147 942 204 DISPUTATIONUM

125 312 232 395 peius,
272 311 453 377 haerere
443 334 479 375 111
479 312 651 412 tellegant,
688 310 890 395 aegritudine
931 313 1121 394 premuntur,

124 399 215 464 nulla
238 400 323 464 enim
346 400 541 464 admiscetur
565 399 674 482 opinio
698 399 835 463 officiosi
862 398 995 463 doloris.
1045 395 1123 478 Quid,

125 488 182 570 qui
203 509 271 554 nou
291 491 407 571 putant
429 488 604 572 lugendum
626 486 728 551 viris?
755 487 860 570 qualis
881 485 948 551 furt
970 486 1007 561 Q
1025 484 1123 549 Maxu·
1168 510 1170 529 ¹

125 597 197 638 mus
221 576 353 639 efferens
377 575 479 639 filium
503 575 717 655 consularem,
741 575 845 657 qualis
863 573 898 638 L.
916 573 1040 638 Paulus
1061 573 1124 636 duo·

125 663 186 726 bus
209 663 321 746 paucis
346 662 457 727 diebus
481 663 608 727 amissis
631 662 721 746 filiis,
744 662 849 744 qualis
872 661 916 725 M.
940 659 1024 726 Cato
1046 680 1143 745 prae-s

126 752 196 814 tore
225 750 395 835 designato
423 755 551 815 mortuo
579 750 661 832 filio,
688 750 798 833 quales
825 749 956 834 reliqui,
990 771 1069 833 quos
1096 747 1126 811 in
1167 824 1170 831 Ι

70 849 106 896 71
127 837 358 903 Consolatione
390 839 599 922 conlegimus,
653 837 735 912 Quid
767 837 828 902 hos
861 837 951 903 aliud
988 835 1126 921 placarit,

125 926 189 989 nisi
221 926 306 1009 quod
336 926 458 990 luctum
495 931 528 989 et
560 947 739 990 maerorem
776 947 846 989 esse
877 946 946 989 non
977 926 1126 1008 putabant

126 1013 210 1077 viri?
260 1012 349 1098 Ergo
377 1015 423 1096 id,
452 1013 537 1097 quod
565 1013 620 1077 alii
647 1017 771 1077 rectum
801 1013 974 1096 opinantes
998 1012 1127 1096 aegritu·

128 1101 195 1164 dini
223 1123 257 1165 se
286 1102 393 1165 solent
420 1101 549 1184 dedere
575 1101 607 1164 id
635 1101 670 1164 hi
700 1105 794 1185 turpe
818 1104 974 1183 putantes
999 1100 1170 1197 aegritu·
1116 1117 1170 1157 ··1⁰

127 1189 234 1252 dinem
251 1189 471 1288 reppulerunt.
503 1188 554 1253 Ex
574 1211 636 1273 quo
655 1188 854 1272 intellegitur
871 1209 940 1253 non
957 1189 995 1252 in
1013 1156 1170 1269 natura,

126 1276 214 1340 sed
204 1299 238 1339 ru
262 1276 414 1359 opinione
438 1299 509 1341 esse
532 1280 637 1360 aegnt
613 1276 777 1341 tudinem.

71 1367 115 1430 29
193 1362 316 1428 Contra
343 1364 453 1428 dicunt
439 1369 493 1428 tur
519 1364 612 1428 haec:
645 1364 724 1439 Quis
751 1367 820 1428 tam
843 1364 993 1447 demens,
1020 1368 1057 1428 ut
1078 1385 1127 1428 sua

125 1452 294 1516 voluntate
313 1452 479 1516 maereat?
501 1457 619 1517 natura
638 1451 743 1516 adfert
761 1452 920 1535 dolorem,
938 1454 996 1516 eui
1010 1452 1126 1536 quidem

78 1574 81 1583 ·
127 1538 279 1623 Crantor,
315 1539 479 1624 inquiunt,
520 1544 626 1604 vester
662 1539 837 1604 cedendum
871 1543 983 1623 putat3
1019 1539 1152 1626 promito

124 1631 212 1692 enim
240 1632 334 1711 atque
362 1629 478 1710 instat,
504 1649 563 1692 nec
585 1628 694 1691 resisti
724 1630 841 1710 potest.
886 1627 1003 1712 Itaque
1026 1628 1126 1693 Oileus

125 1717 180 1779 ille
204 1716 288 1799 apud
312 1714 518 1799 Sophoclem,
542 1716 596 1800 qui
614 1715 824 1780 Telamonem
846 1718 943 1780 antea
967 1717 1006 1780 de
1025 1715 1125 1780 Aiacis

126 1807 230 1867 morte
262 1803 447 1868 consolatus
480 1808 578 1885 esset,
615 1804 643 1866 is
681 1825 753 1867 cum
785 1803 963 1868 audivisset
999 1804 1038 1868 de
1068 1823 1126 1883 suo,

125 1891 248 1956 fractus
276 1894 333 1954 est.
382 1889 431 1955 De
460 1891 549 1955 cuius
577 1894 775 1955 commutata
802 1892 980 1956 montesio
1007 1891 1125 1955 dieitur:

169 2014 247 2078 Nec
269 2015 356 2077 vero
379 2017 490 2077 tanta
512 2014 711 2097 praeditus
736 2014 933 2097 sapientia
959 2049 965 2055 ·
1133 2028 1150 2068 ¹⁰

171 2102 432 2185 Quisquamst,
469 2102 533 2184 qui
570 2102 732 2166 aliorum
765 2107 986 2166 aerumnam
1018 2101 1123 2166 dictis

861 2189 1047 2255 adlevans

169 2277 253 2343 Non
274 2276 385 2358 idem,
409 2299 489 2341 cum
513 2279 671 2342 fortuna
694 2279 840 2341 mutata
862 2276 1048 2362 impetum

171 2364 394 2447 Convertat,
417 2365 525 2428 clade
549 2365 680 2428 subita
701 2365 907 2450 frangatur
931 2388 1012 2449 sua,

169 2453 219 2518 Ut
240 2452 311 2517 illa
335 2452 381 2517 ad
405 2453 504 2517 alios
528 2451 633 2517 diota
656 2457 693 2517 et
715 2456 925 2537 praecepta
950 2454 1125 2519 excidant

125 2594 214 2659 Haec
233 2615 305 2657 eum
330 2593 510 2676 disputant,
532 2591 594 2655 hoc
613 2592 746 2657 student
763 2593 902 2678 efficere,
924 2599 1061 2660 naturae
1079 2593 1152 2658 olr²⁵

127 2683 199 2746 sisti
227 2683 315 2746 nullo
343 2680 439 2745 modo
466 2701 576 2762 posse,
594 2683 637 2744 -et
664 2685 775 2744 tamen
796 2681 942 2745 fatentur
970 2683 1125 2768 graviora

127 2769 343 2852 aegritudines
373 2769 507 2851 suscipi,
537 2788 632 2850 quam
659 2771 777 2832 natura
804 2773 908 2853 cogat.
964 2770 1054 2846 Quae
1083 2770 1126 2832 est

125 2858 227 2941 igitur
251 2856 414 2921 amentia?
445 2860 482 2919 ut
504 2877 564 2919 nos
588 2877 711 2940 quoque
734 2857 819 2920 idem
844 2857 884 2919 ab
906 2857 974 2921 illis
997 2857 1125 2941 requira-

70 2964 105 3011 sa
126 2967 205 3008 mus.
264 2943 326 3007 Sed
363 2944 471 3026 plures
508 2947 584 3007 sunt
620 2965 735 3009 causae
773 2944 970 3028 suscipiendi
1004 2944 1125 3011 doloris.

125 3033 268 3096 Primum
300 3031 358 3095 illa
390 3032 499 3115 opinio
532 3030 623 3113 mali,
655 3054 718 3114 quo
750 3032 819 3095 viso
853 3036 958 3116 atque*
980 3044 1154 3116 persuasos

126 3120 293 3204 aegritudo
317 3120 498 3201 insequitur
520 3120 715 3204 necessari03
744 3119 857 3184 deinde
881 3120 982 3185 etiam
1004 3125 1125 3206 gratum

125 3209 260 3272 mortuis
280 3206 450 3287 sefacere,
474 3206 502 3269 si
523 3208 666 3290 graviter
683 3229 737 3272 eos
755 3208 902 3292 lugeant,
925 3209 1124 3273 arbitrantur.

124 3296 260 3360 Accedit
303 3293 490 3378 superstitio
525 3295 691 3358 muliebris
730 3294 901 3380 quaedam,
938 3296 1125 3361 existumant

26 3426 33 3434 ·
126 3385 211 3448 enim
242 3383 291 3447 dis
324 3381 548 3446 inmortalibus
582 3403 615 3445 se
647 3382 775 3447 facilius
807 3383 886 3449 satis
919 3383 1075 3467 facturos,
1102 3380 1124 3445 si

122 3495 234 3538 eorum
258 3473 353 3556 plaga
375 3470 513 3555 perculsi
537 3469 682 3534 adflictos
706 3493 740 3534 se
764 3474 798 3534 et
816 3473 936 3536 stratos
960 3493 1031 3537 esse
1053 3471 1149 3536 faus
