2356 3870
296 158 364 211 ΜΒ.
383 159 429 212 III.
458 158 535 214 OAP.
554 165 677 214 28-31.
704 165 719 226 ἕ
739 167 858 215 ‘lo—74.
1013 160 1078 225 385

69 321 174 383 antur.
225 317 288 383 Sed
313 319 394 383 haec
422 320 507 384 inter
530 343 563 385 se
594 343 690 404 quam
713 324 908 405 repugnent,
934 323 1078 406 plerique

68 427 135 471 non
153 406 270 470 vident.
303 406 452 471 Laudant
470 408 556 472 enim
575 430 638 492 eos,
657 409 713 493 qui
731 430 833 492 aequo
855 410 962 473 animo
983 411 1078 474 mori-

68 497 179 576 antur3
209 495 264 578 qui
293 495 426 559 alterius
453 500 591 560 mortem
619 518 720 581 aequo
744 497 852 561 animo
876 497 993 579 ferant,
1023 520 1077 562 eos

67 586 187 667 putant
218 583 454 665 vituperandos.
509 583 609 659 Quasi
640 585 710 648 fieri
740 584 807 648 ullo
839 585 934 649 modo
965 585 1077 668 possit,

42 669 156 753 squod
188 671 223 733 in
255 669 415 734 amatorio
448 693 595 736 sermone
627 671 691 735 dici
720 671 817 756 solet,
844 675 880 735 ut
910 673 1077 756 quisquam

65 757 142 841 plus
169 759 306 822 alterum
334 757 448 842 diligat
476 781 572 842 quam
600 781 643 823 sc.
687 759 893 823 Praeclarum
920 759 1000 823 illud
1028 764 1077 824 est
1096 771 1129 818 73

67 848 114 928 et,
143 845 171 909 si
195 846 336 929 quaeris,
363 850 487 910 rectum
510 868 635 931 quoque
659 851 692 911 ct
713 868 840 929 verum,
871 851 907 910 ut
930 869 999 930 eos,
1014 848 1077 932 'qui

65 932 163 998 nobis
192 933 349 997 carissimi
378 956 447 997 esse
470 934 620 1018 debeant,
648 956 748 1018 aeque
772 957 809 998 ac
832 939 959 999 nosmet
988 937 1076 1018 ipsos

67 1042 227 1102 amemus3
253 1025 290 1084 ut
317 1043 392 1086 vero
420 1021 507 1104 plus,
535 1022 604 1085 fieri
627 1023 717 1087 nullo
745 1025 841 1107 pacto
866 1025 982 1106 potest.
1026 1022 1077 1087 Ne

40 1108 248 1191 coptandum
280 1108 486 1192 quidemvest
516 1110 551 1173 in
579 1110 735 1192 amicitia,
767 1113 804 1174 ut
833 1131 885 1174 me
916 1110 972 1174 ille
1002 1111 1076 1192 plus
1128 1129 1130 1133 ’

66 1218 166 1280 quam
189 1217 236 1278 se,
260 1216 320 1280 ego
344 1196 436 1260 illum
459 1198 530 1279 plus
554 1219 651 1281 quam
671 1220 736 1282 me3
759 1199 961 1281 perturbatio
981 1199 1076 1282 vitae,

67 1284 97 1348 si
119 1284 169 1348 ita
191 1284 247 1365 sit,
269 1289 365 1366 atque
389 1284 571 1349 officiorum
594 1286 737 1350 omnium
760 1291 981 1370 consequatur.

73 1438 78 1444 ,
135 1369 197 1435 Sed
221 1370 259 1434 dc
281 1371 342 1435 hoc
366 1372 460 1454 alias3
486 1393 572 1436 nuno
597 1373 678 1437 illud
700 1373 779 1437 satis
807 1377 870 1457 est,
897 1395 963 1438 non
985 1375 1076 1438 attri-
1085 1376 1129 1440 30

66 1459 167 1523 buere
189 1459 230 1522 ad
248 1459 456 1524 amissionem
476 1461 653 1525 amicorum
675 1461 839 1524 miseriam
860 1464 1015 1544 nostram,
1036 1484 1077 1526 ne

40 1547 144 1612 sillos
172 1545 263 1630 plus,
293 1568 390 1630 quam
418 1547 481 1630 ipsi
508 1547 623 1630 velint,
651 1548 680 1610 si
708 1548 864 1630 sentiant,
892 1548 965 1631 plus
992 1554 1077 1614 certe

66 1656 164 1719 quam
177 1638 305 1699 nosmet
323 1635 413 1717 ipsos
432 1635 615 1719 diligamus.
646 1633 731 1699 Nam
745 1635 830 1718 quod
849 1635 940 1700 aiunt
956 1636 1077 1719 pleros·

66 1743 130 1806 que
158 1722 435 1787 consolationibus
463 1723 546 1786 nihil
574 1722 675 1787 levari
697 1723 940 1807 adiunguntque
963 1745 1076 1789 conso-

66 1811 189 1875 latores
218 1810 307 1892 ipsos
338 1810 484 1875 confiteri
514 1832 548 1875 se
578 1811 726 1893 miseros,
756 1833 828 1875 cum
860 1811 901 1875 ad
931 1832 985 1875 eos
1018 1813 1077 1875 im·

90 1900 179 1961 etum
197 1919 289 1962 suum
311 1898 439 1978 fortuna
463 1900 671 1981 converterit,
692 1902 861 1982 utrumque
879 1898 1076 1964 dissolvitur.

40 1921 151 2050 odunt
178 1986 266 2049 enim
287 1985 353 2050 ista
374 2008 441 2050 non
462 1990 598 2050 naturae
620 1987 714 2069 vitia,
742 1985 797 2050 sed
824 1986 946 2069 culpae.
991 1985 1076 2051 Stul-

66 2073 175 2137 titiam
194 2077 302 2137 autem
321 2095 471 2138 accusare
494 2074 640 2157 quamvis
665 2074 793 2158 copiose
815 2074 899 2138 licet.
933 2073 1020 2139 Nem
1043 2080 1076 2139 et

66 2162 121 2247 qui
144 2181 212 2225 non
229 2162 390 2245 levantur,
413 2161 476 2244 ipsi
493 2181 525 2226 sc
548 2162 588 2225 ed
606 2162 772 2226 miseriam
790 2161 942 2246 inritent,
965 2166 998 2227 et
1020 2163 1076 2246 qui

66 2271 142 2313 suos
171 2271 263 2313 casus
292 2249 387 2312 aliter
413 2248 535 2330 femmt,
563 2253 659 2332 atque
682 2253 719 2314 ut
745 2253 893 2314 auctores
917 2250 989 2314 aliis
1011 2251 1076 2334 ipsi

65 2337 209 2418 fuerunt,
230 2358 297 2401 non
320 2340 395 2400 sunt
417 2337 599 2401 vitiosiores
622 2359 720 2420 quam
741 2337 809 2401 fere
831 2337 989 2420 plerique,
1020 2339 1076 2421 qui

40 2423 158 2490 savari
186 2445 313 2506 avaros,
346 2423 471 2508 gloriae
498 2423 631 2507 cupidos
663 2424 799 2508 gloriosi
830 2425 1074 2507 reprehendunt.

65 2511 129 2576 Est
156 2513 242 2575 enim
275 2511 442 2595 proprium
469 2512 628 2575 stultitiae
655 2511 793 2577 aliorum
823 2511 905 2576 vitia
937 2533 1075 2597 cernere,

65 2599 215 2664 oblivisci
247 2621 385 2663 suorum.
439 2597 503 2663 Sed
532 2599 686 2664 nimirum
717 2599 780 2664 hoc
810 2620 997 2664 maxumum
1024 2605 1074 2665 est
1092 2615 1127 2664 ‘14

66 2686 335 2771 experimentum,
371 2700 459 2751 cum·
480 2690 607 2752 constet
641 2686 876 2772 aegritudinem
912 2690 1073 2752 vetustate

64 2775 154 2856 tolli,
175 2773 260 2838 hanc
282 2775 349 2838 vim
367 2795 433 2838 non
451 2796 521 2839 esse
544 2776 580 2839 in
602 2775 652 2839 die
675 2775 831 2859 positam,
854 2775 965 2839 sedin
987 2776 1073 2860 cogi·

40 2864 190 2928 statione
217 2862 376 2926 diuturna.
419 2861 507 2927 Nam
535 2864 564 2927 si
591 2867 623 2928 et
645 2863 757 2927 eedem
780 2884 832 2927 res
855 2866 960 2928 estet
987 2863 1073 2928 idem

65 2949 250 3033 esthemo,
277 2949 332 3034 qui
358 2953 467 3033 potest
493 2950 663 3034 quicquam
687 2951 726 3014 de
748 2950 859 3016 dolore
882 2951 1014 3033 mutari,
1045 2953 1074 3016 si

63 3059 168 3122 neque
195 3038 234 3101 de
262 3059 313 3121 cc,
340 3041 473 3120 propter
501 3039 586 3121 quod
608 3038 710 3115 dolet,
737 3038 909 3122 quicquam
932 3043 983 3102 est
1004 3060 1073 3103 mu·

62 3130 171 3191 tatum
192 3146 296 3208 neque
318 3124 358 3187 de
381 3146 432 3209 co,
456 3126 510 3208 qui
533 3125 642 3190 dolet?
693 3123 857 3210 Cogitatio
880 3126 981 3209 igitur
1003 3126 1073 3190 diu·

62 3217 161 3278 turna
182 3212 267 3276 nihil
289 3233 359 3277 esse
382 3212 417 3275 in
438 3234 473 3276 re
496 3212 574 3277 mali
600 3213 704 3278 dolori
727 3213 885 3296 medetur,
912 3234 979 3277 non
1001 3213 1073 3297 ipsa

40 3324 51 3366 r
64 3300 271 3366 diuturnitas.

130 3387 194 3453 Hic
211 3387 292 3452 mihi
310 3386 461 3452 adferunt
475 3387 724 3454 mediocritates.
757 3388 845 3465 Quae
864 3388 891 3453 si
904 3388 1069 3454 naturales
1081 3385 1120 3450 31

63 3480 154 3560 sunt,
181 3475 259 3560 quid
288 3496 369 3558 opus
396 3479 447 3540 est
473 3476 716 3542 consolatione?
742 3481 861 3542 nature
888 3476 973 3542 enim
998 3476 1072 3564 ipsa

117 3597 225 3639 c1o.1v.
241 3598 260 3636 1.
875 3585 909 3634 25
