2346 3876
86 147 151 212 124
247 123 295 203 na
314 145 460 200 nmmos
478 144 659 201 nouorum
676 145 723 200 nr
742 144 926 200 ussonuu

85 309 179 393 quale
211 308 267 391 sit,
304 308 440 372 nesciat!
498 307 613 391 Atqui,
649 307 794 392 inquam,
832 311 889 372 aut
924 307 1093 391 Epicurus,

86 397 163 482 quid
195 396 239 460 sit
269 397 433 479 voluptas,
466 400 522 460 aut
554 417 664 459 omnes
697 397 865 480 mortales,
894 396 948 479 qui
976 397 1093 480 ubique

86 489 174 567 sunt,
196 484 353 550 nesciunt.
398 483 557 566 Quonam,
580 484 699 567 inquit,
722 483 841 548 modo?
878 483 964 560 Quia
984 485 1092 568 volup·

86 578 187 639 tatem
201 573 285 637 hane
299 594 370 636 esse
385 573 529 636 sentiunt
543 593 663 654 omnes,
681 593 778 655 quam
798 594 911 637 sensus
933 573 1092 655 accipiens

51 666 234 730 amovetur
265 662 298 725 et
330 661 528 724 iucunditate
565 659 704 744 quadam
739 660 952 743 perfunditur.
1012 659 1126 736 Quids

85 749 185 835 ergo?
221 749 319 813 istam
353 749 567 831 voluptatem,
598 749 718 831 inquit,
749 747 910 830 Epicurus
942 748 1092 832 ignorat?

84 838 160 904 Non
178 858 312 920 semper,
329 836 474 920 inquam3
493 857 570 899 nam
588 836 751 900 interdum
764 836 862 900 nimis
878 836 979 901 etiam
996 837 1093 921 novit,

85 927 203 1011 quippe
225 925 281 1008 qui
302 923 494 989 testificetur
511 945 552 989 ne
570 924 758 1008 intellegere
782 924 912 1008 quidem
933 947 969 989 se
991 947 1092 1008 posse,

85 1015 141 1078 ubi
165 1014 207 1078 sit
231 1017 287 1077 aut
311 1012 395 1096 quod
413 1012 457 1076 sit
474 1012 578 1078 ullum
598 1013 719 1076 bonum
742 1015 872 1096 praeter
893 1013 988 1096 illud,
1009 1013 1092 1096 quod

87 1102 159 1166 cibo
193 1105 226 1166 et
247 1101 377 1183 potione
410 1103 443 1164 et
474 1101 601 1165 aurium
635 1100 849 1175 delectatione
886 1105 920 1166 et
956 1101 1092 1166 obscena
1110 1128 1126 1164 ιι

85 1190 252 1272 voluptate
280 1189 435 1272 capiatur.
487 1187 540 1252 An
570 1188 650 1252 haec
683 1189 723 1252 ab
756 1210 793 1253 eo
824 1211 891 1254 non
923 1189 1091 1254 dicuntur?

87 1277 186 1354 Quasi
221 1298 295 1340 vero
332 1298 383 1340 me
419 1275 555 1359 pudeat,
591 1276 712 1360 inquit,
748 1277 902 1361 istorum,
938 1281 996 1342 aut
1030 1299 1092 1343 non

85 1366 224 1448 possim,
260 1385 355 1449 quem
391 1364 432 1428 ad
468 1363 599 1429 modum
636 1386 675 1429 ea
716 1363 874 1446 dicantur,
913 1366 1091 1430 ostendere!

86 1453 159 1537 Ego
190 1474 266 1517 vero
297 1474 364 1517 non
395 1451 520 1535 dubito,
556 1453 703 1536 inquam,
740 1453 818 1536 quin
852 1453 949 1519 facile
981 1455 1090 1537 possis,

86 1563 145 1607 nec
177 1545 226 1606 est
258 1540 343 1625 quod
374 1544 407 1605 te
437 1540 556 1623 pudeat
592 1540 732 1623 sapienti
771 1542 936 1620 assentiri,
974 1543 1029 1626 qui
1059 1564 1089 1606 sc
1102 1561 1126 1615 a,

87 1652 183 1714 unus,
205 1628 290 1713 quod
309 1629 421 1712 sciam,
444 1629 623 1711 sapientem
640 1629 786 1712 profiteri
805 1631 848 1693 sit
866 1651 974 1694 ausus.
1009 1617 1088 1694 Nam

86 1719 308 1783 Metrodorum
338 1740 404 1782 non
434 1720 513 1800 puto
546 1717 652 1800 ipsum
684 1717 880 1800 professum,
917 1718 987 1796 sed,
1023 1740 1087 1782 cum

88 1807 304 1891 appellaretur
327 1805 367 1868 ab
391 1805 546 1888 Epicuro,
568 1805 736 1888 repudiare
754 1808 883 1869 tantum
902 1806 1086 1871 beneficium

85 1896 242 1976 noluisse3
270 1896 395 1976 septem
421 1896 530 1958 autem
558 1893 607 1956 illi
633 1915 699 1958 non
722 1915 794 1974 suo,
822 1893 878 1957 sed
901 1895 1085 1977 populorum

50 1983 242 2067 ssuffragio
275 1982 420 2045 omnium
450 1981 611 2046 nominati
643 1985 727 2046 sunt.
780 1979 902 2045 Verum
933 1983 996 2047 hoc
1022 1983 1113 2047 locou

87 2094 182 2135 sumo⁴
211 2069 316 2134 verbis
347 2070 400 2134 his
432 2068 565 2134 eandem
598 2071 682 2134 certe
713 2071 780 2134 vim
809 2070 990 2153 voluptatis
1016 2070 1085 2154 Epi-

87 2181 199 2223 curum
225 2178 321 2222 nosse
349 2179 446 2241 quam
473 2160 605 2222 ceteros.
655 2156 774 2222 Omnes
808 2158 892 2222 enim
922 2159 1086 2224 iucundum

86 2251 223 2329 motum,
246 2267 309 2330 quo
333 2267 445 2310 sensus
468 2244 638 2329 hilaretur,
665 2245 786 2310 Graece
809 2240 954 2330 ἡδονήν,
981 2246 1085 2311 Latine

87 2336 326 2418 voluptatem
353 2336 478 2398 vocant.
528 2332 611 2409 Quid
638 2338 688 2398 est
713 2335 827 2418 igitur,
858 2334 978 2418 inquit,
1010 2331 1084 2419 quod

86 2422 266 2508 requiras?
303 2422 431 2505 Dicam,
454 2423 600 2505 inquam,
623 2424 656 2486 et
679 2422 807 2506 quidem
831 2423 975 2488 discendi
998 2439 1115 2488 causas

87 2512 207 2595 magis,
234 2533 331 2595 quam
354 2532 417 2594 quo
443 2513 475 2574 te
499 2514 555 2574 aut
577 2509 753 2594 Epicurum
775 2533 965 2595 reprensum
988 2511 1087 2576 velim.

86 2600 158 2684 Ego
182 2620 322 2684 quoque,
344 2598 465 2682 inquit,
489 2597 653 2662 didicerim
675 2598 842 2682 libentius,
866 2599 894 2663 si
914 2599 992 2683 quid
1010 2602 1088 2663 attu-

87 2688 172 2769 leris,
190 2708 287 2771 quarn
304 2691 338 2751 te
356 2685 623 2768 reprehenderim.
661 2685 806 2752 Tenesne
824 2687 936 2770 igitur,
954 2688 1089 2772 inquam,

86 2774 304 2858 Hieronymus
322 2773 467 2838 Rhodius
492 2774 569 2858 quid
592 2774 678 2838 dicat
696 2796 765 2839 esse
785 2796 946 2839 summum
965 2776 1090 2856 bonum,

87 2885 150 2946 quo
182 2865 275 2945 putet
306 2861 415 2925 omnia
446 2863 559 2926 referri
597 2862 768 2945 oportere?
822 2861 943 2946 Teneo,
979 2864 1120 2948 inquito

86 2951 183 3014 finem
210 2950 260 3013 illi
287 2948 389 3013 videri
415 2949 498 3014 nihil
526 2951 642 3015 dolere.
696 2950 801 3027 Quid?
828 2951 914 3015 idem
942 2951 1018 3036 istc,
1047 2951 1091 3015 in·

52 3058 197 3123 squam,
229 3037 268 3101 de
297 3037 462 3120 uoluptate
495 3038 571 3122 quid
600 3038 720 3102 sentit?
772 3038 881 3123 Negat
912 3060 983 3104 esse
1015 3060 1093 3120 eam,

86 3126 205 3209 iuquit,
240 3128 372 3209 propter
409 3147 442 3190 se
476 3127 694 3211 expetendam.
752 3127 851 3191 Aliud
887 3127 989 3211 igitur
1026 3147 1093 3192 esse

87 3217 196 3278 censet
218 3213 370 3297 gaudere,
393 3214 479 3278 aliud
503 3236 568 3278 non
591 3214 706 3278 dolere.
747 3214 791 3278 Et
813 3215 958 3298 quidem,
980 3215 1095 3299 inquit,

87 3301 292 3366 vehementer
310 3305 409 3384 errat,
428 3324 518 3384 nam,
537 3306 573 3366 ut
590 3303 687 3386 paulo
706 3306 781 3367 ante
799 3303 904 3380 docui,
929 3303 1126 3387 augendacu

87 3389 263 3473 voluptatis
285 3390 359 3454 finis
383 3393 433 3453 est
454 3389 574 3454 doloris
593 3391 698 3454 omnis
717 3391 848 3456 amotio.
883 3389 960 3456 Non
978 3391 1096 3474 dolere,

82 3478 232 3563 inquam,
254 3477 342 3543 istud
361 3500 458 3563 quam
476 3478 541 3542 vim
560 3478 691 3562 habeat,
713 3483 827 3561 postca
849 3478 974 3562 vider03
997 3479 1097 3544 aliam
