2346 3876
100 155 165 218 232
261 155 310 209 DE
328 151 473 210 FINIBUS
492 154 672 211 BONOEUM
689 155 737 209 ΕΤ
756 152 941 210 MALOEUM

102 317 212 381 eadem
249 316 440 401 defendunt,
483 338 563 400 quae
599 317 826 401 Peripatetici,
862 318 963 381 verba
999 320 1109 381 tenent

101 404 271 470 mordicus.
326 403 415 480 Quae
451 426 561 468 rursus
594 405 670 469 dum
703 406 765 469 sibi
798 405 892 470 evelli
927 427 965 468 ex
1001 405 1108 471 ordine

101 493 229 576 nolunt,
255 491 452 557 horridiores
487 492 640 576 evadunt,
673 494 867 577 asperiores,
899 492 1046 558 duriores
1078 496 1108 557 et

49 581 248 646 moratione
272 584 305 644 et
328 581 480 645 moribus.
531 579 636 656 Quam
663 581 792 645 illorum
819 581 990 645 tristitiam
1016 584 1107 664 atque

103 670 311 752 asperitatem
342 669 467 752 fugiens
504 667 678 732 Panaetius
701 690 760 733 nec
798 669 1010 733 acerbitatem
1042 690 1130 732 sen-s

101 758 276 822 tentiarum
305 777 365 820 nec
392 755 571 834 disserendi
599 756 708 842 spinas
734 757 887 840 probavit
917 756 1046 840 fuitque
1076 756 1107 819 in

103 845 205 910 altero
234 865 349 928 genere
377 843 500 927 mitior,
534 844 569 908 in
596 843 699 910 altero
734 844 895 910 illustrior
922 865 1107 928 semperque

101 933 217 997 habuit
246 933 279 996 in
319 952 373 996 ore
406 931 590 1015 Platonem,
626 931 851 1010 Aristotelem,
887 931 1107 1013 Xenocratem,

102 1020 375 1104 Theophrastum,
412 1019 660 1103 Dicaearchum,
695 1025 733 1085 ut
768 1021 871 1104 ipsius
910 1020 1033 1103 scripta
1061 1020 1107 1082 de·

103 1109 235 1172 clarent.
292 1107 379 1183 Quos
418 1108 546 1193 quidem
585 1108 646 1172 tibi
685 1108 826 1173 studiose
868 1111 901 1171 et
938 1107 1106 1191 diligenter
1117 1131 1136 1168 u

48 1203 83 1252 80
101 1195 288 1260 tractandos
320 1215 515 1280 magnopere
548 1217 672 1261 censeo.
722 1194 785 1261 Sed
812 1196 965 1279 quoniam
995 1199 1028 1259 et
1056 1194 1106 1258 ad-

103 1283 301 1366 vesperascit
327 1286 359 1346 et
387 1283 467 1348 mihi
491 1284 531 1348 ad
553 1284 665 1348 villam
687 1283 913 1348 revertendum
936 1286 1001 1368 est,
1027 1303 1106 1346 nuno

103 1371 231 1455 quidem
258 1370 428 1454 hactenus3
461 1393 573 1435 verum
605 1371 667 1436 hoo
698 1373 784 1436 idem
814 1371 974 1436 faciamus
1008 1391 1105 1453 saepe.

101 1457 170 1523 Nos
204 1480 293 1543 vero,
329 1459 435 1543 inquit
471 1459 540 1541 ille3
577 1482 653 1523 nam
691 1460 768 1543 quid
800 1481 973 1543 possumus
1005 1458 1105 1522 facere

102 1545 241 1611 melius?
265 1552 297 1611 et
318 1547 403 1611 hanc
424 1546 550 1630 quidem
574 1548 712 1630 primam
731 1547 859 1632 exigam
878 1569 897 1610 a
915 1550 949 1611 te
969 1567 1133 1629 operama

102 1640 139 1700 ut
163 1635 273 1700 audias
297 1657 362 1718 me,
386 1656 467 1719 quae
492 1639 562 1699 ate
580 1635 666 1700 dieta
687 1638 776 1719 sunt,
798 1634 1013 1699 refellentem.
1049 1632 1104 1698 Sed

103 1729 265 1789 memento
288 1726 335 1806 te,
359 1745 439 1806 quae
457 1745 516 1787 nos
537 1722 728 1806 sentiamus,
751 1724 859 1789 omnia
876 1723 1026 1805 probare,
1047 1720 1104 1784 nisi

103 1812 188 1895 quod
221 1811 329 1876 verbis
363 1810 457 1874 aliter
493 1814 634 1895 utamur,
670 1811 751 1876 mihi
787 1813 895 1875 autem
932 1813 1104 1875 vestrorum

102 1899 183 1963 nihil
203 1899 344 1983 probari.
381 1897 586 1983 Scrupulum,
610 1899 755 1983 inquam,
778 1899 924 1982 abeunti3
949 1897 1006 1961 sed
1027 1895 1104 1963 ride

102 1987 219 2051 bimus.
265 1985 353 2061 Quae
377 2008 449 2050 eum
473 1990 582 2050 essent
604 1987 704 2070 dicta,
728 1987 942 2051 discessimus.
1113 2005 1131 2044 a

350 2340 397 2411 M.
428 2339 588 2412 TULLII
616 2337 863 2413 CICERONIS

103 2488 174 2572 DE
211 2484 422 2571 EINIBUS
459 2485 715 2571 BONORUM
751 2485 816 2567 ET
852 2481 1105 2570 MALORUM

496 2633 545 2686 AD
563 2632 718 2687 BRUTUM

435 2762 557 2821 LIBER
584 2760 767 2831 QUINTUS.

554 2918 660 2925 .—

443 3024 776 3086 ARGUMENTUM.

176 3146 208 3200 In
225 3143 367 3227 prooemio
385 3142 452 3197 libri
470 3141 565 3196 Cicero
584 3142 690 3206 narrat,
715 3157 778 3193 cum
801 3139 861 3209 ipse
881 3142 910 3193 et
929 3139 961 3206 Q.
980 3141 1068 3196 frater
1086 3140 1110 3194 et

105 3217 141 3271 M.
162 3216 266 3284 Puprus
286 3214 351 3268 Piso
370 3215 399 3267 et
417 3213 449 3266 T.
468 3211 638 3280 Pomponius
661 3209 771 3266 Atticus
797 3211 826 3264 et
843 3210 872 3266 L.
894 3209 1006 3279 Cicero,
1028 3211 1110 3265 frater

105 3287 192 3356 ipsius
215 3283 365 3356 patruelis,
393 3280 509 3335 Athenis
537 3280 707 3335 Antiochum
733 3279 905 3335 audivissent
933 3283 963 3334 et
990 3281 1109 3335 ambula·

105 3360 211 3412 tionem
224 3352 474 3425 postmeridianam
488 3350 517 3403 in
531 3349 683 3405 AcademIa
697 3351 874 3419 conficerent,
888 3366 1018 3406 sermone
1032 3352 1110 3405 ducto

104 3427 226 3496 primum
255 3443 272 3480 a
300 3421 542 3478 commemoranda
568 3420 598 3474 vi
620 3421 747 3475 locorum
769 3421 807 3475 ad
829 3421 969 3476 clarorum
992 3421 1111 3476 virorum

94 3497 265 3551 memoriam
284 3494 314 3550 in
334 3494 435 3550 animis
455 3489 659 3561 renovandam,
677 3490 848 3546 mentionem
864 3490 998 3546 incidisse
1012 3490 1112 3547 veteris
