2346 3876
273 167 341 223 ΜΒ.
359 169 394 225 11.
423 167 499 224 cnr.
518 175 563 240 ιο,
581 174 624 225 41.
653 173 668 236 s
688 173 836 226 rae-ms.
1028 168 1071 233 ἰτ

56 331 203 396 tudinem
238 329 326 415 (ipse
348 331 435 396 enim
465 331 518 396 hic
544 330 690 396 radiatus
720 353 771 396 me
802 332 1072 398 intueri‘videtur

57 419 248 504 admonens,
266 421 304 483 ut
316 420 429 484 crebro
441 418 561 484 faciam
575 420 773 485 mentionem
787 419 907 506 sui)-
922 443 980 486 vos
994 441 1072 506 ergo

56 508 152 573 huius
167 507 429 592 magnitudinem
443 529 534 592 quaer
526 507 740 592 decempeda
753 529 916 592 permensr
907 509 1071 593 refertis3

57 617 116 682 ego
140 617 196 661 me
220 595 315 680 quasi
338 595 435 661 malis
455 595 638 662 architectis
656 617 827 661 mensurae
845 601 972 661 vestrae
988 618 1072 682 nego

33 684 197 752 ecreders.
250 681 394 748 Dubium
423 688 485 768 est,
520 687 593 748 uter
623 687 771 749 nostrum
804 686 860 768 sit,
891 684 1006 749 leviter
1037 689 1073 749 ut

56 773 175 855 dicam,
202 771 470 837 inverecundior?
515 771 621 837 Nect
606 775 716 836 tamen
739 773 821 836 istas
828 773 1049 874 quaestiones
1075 794 1125 844 rar

58 861 270 963 physicorum
293 860 549 925 exterminandas
571 863 660 944 puto
632 859 763 926 oEst
785 862 869 925 enim
892 861 1074 925 animorum

59 949 331 1034 ingeniorumque
353 952 412 1012 nat
398 948 501 1013 turale
524 948 685 1033 quoddam
708 949 800 1033 quasi
822 949 978 1032 pabulum
1002 970 1074 1013 con·

61 1036 217 1103 sideratio
241 1037 536 1131 contemplatioque
558 1039 708 1120 naturae;
741 1037 907 1121 erigimur,
941 1037 1074 1102 altiores

29 1125 131 1192 ufieri
149 1116 308 1207 videmur',
329 1123 471 1189 humana
493 1124 687 1208 despicimus
701 1125 945 1210 cogitantesque
960 1146 1077 1209 supera

62 1216 160 1298 atque
185 1175 340 1277 caelestia
361 1212 442 1277 haec
462 1217 576 1278 nostra
598 1215 635 1277 ut
658 1214 775 1297 exigua
798 1216 832 1278 et
848 1214 983 1279 minima
1002 1236 1075 1279 con·

61 1301 249 1367 temnimus.
295 1299 514 1385 Indagatio
504 1322 577 1385 1psa
608 1321 716 1366 rerum
748 1323 820 1366 cum
851 1303 1076 1385 maximarum,

61 1392 129 1454 tum
164 1389 266 1454 etiam
298 1388 589 1454 occultissimarum
620 1389 721 1454 habet
753 1390 1015 1474 oblectationem,
1048 1391 1076 1454 si

61 1499 136 1543 vero
156 1475 282 1562 aliquid
300 1477 450 1561 occurrit,
472 1477 557 1562 quod
576 1478 645 1542 veri
668 1478 773 1542 simile
787 1478 943 1561 videatur,
965 1477 1077 1543 huma·

29 1566 199 1632 samsima
232 1563 412 1647 completur
442 1565 568 1629 animus
596 1566 772 1648 voluptate.
824 1564 964 1641 Quaeret
992 1567 1128 1649 igi-128

61 1657 112 1719 tur
141 1653 228 1718 haec
249 1655 283 1715 et
305 1656 412 1717 vester
440 1654 568 1736 sapiens
592 1656 626 1718 et
653 1653 706 1718 hic
728 1656 852 1737 noster,
883 1654 940 1718 sed
963 1658 1078 1738 vester,

61 1746 97 1807 ut
119 1740 343 1824 adsentiatur,
371 1741 495 1825 credat,
524 1741 685 1825 adfirmet,
716 1744 841 1819 noster,
871 1745 906 1805 ut
928 1745 1078 1806 vereatur

61 1836 184 1895 temere
207 1827 337 1913 opinari
367 1829 595 1914 praeclareque
623 1829 678 1914 agi
706 1850 814 1893 secum
844 1831 950 1913 putet,
982 1830 1011 1895 si
1043 1830 1078 1894 in

63 1919 129 1984 eius
154 1917 245 1982 modi
267 1915 374 1994 rebus,
396 1917 464 1983 veri
488 1917 592 1982 simile
618 1918 703 2002 quod
727 1917 779 2001 sit,
801 1919 985 1983 invenerit„
1015 1917 1078 1982 Ve-

30 2007 191 2073 uuiamus
215 2026 300 2069 nunc
325 2005 365 2069 ad
387 2005 546 2070 bonorum
564 2006 788 2089 malorumque
806 2006 981 2070 notionem.
1014 2004 1077 2070 Sed

62 2094 199 2180 paulum
224 2097 299 2159 ante
329 2092 499 2158 dicendum
521 2098 579 2158 est.
624 2092 701 2158 Non
727 2093 808 2158 mihi
829 2094 980 2159 videntur
1002 2117 1078 2160 con·

64 2184 225 2266 siderare,
256 2203 328 2246 cum
358 2181 496 2266 physica
526 2183 591 2247 ista
621 2181 715 2246 valde
747 2181 932 2267 adfirmant,
968 2205 1079 2248 earum

64 2272 165 2337 etiam
179 2291 287 2335 rerum
308 2271 535 2335 auctoritatem
555 2291 597 2354 se,
620 2292 702 2354 quae
724 2270 928 2335 inlustriores
946 2271 1078 2336 videan-

63 2364 125 2445 tur,
149 2359 313 2423 amittere.
357 2357 433 2423 Non
455 2359 541 2424 enim
563 2359 670 2442 magis
696 2357 921 2423 adsentiuntur
942 2380 1001 2423 nee
1025 2359 1078 2424 ad-

31 2448 210 2533 §probant
232 2447 337 2512 lucere
359 2469 453 2526 nunc,
477 2468 583 2531 quam,
607 2469 679 2511 cum
702 2447 814 2511 cornix
828 2447 986 2529 cecinerit,
1009 2451 1080 2510 tum

65 2535 191 2621 aliquid
215 2556 287 2599 eam
310 2538 366 2600 aut
393 2535 504 2599 iubere
533 2538 590 2599 aut
611 2538 738 2619 vetare,
763 2555 824 2598 nec
851 2535 955 2618 magis
985 2534 1080 2598 adfir-

64 2625 203 2689 mabunt
217 2623 345 2706 signum
368 2622 457 2705 illud,
480 2623 509 2688 si
532 2628 626 2688 erunt
648 2624 762 2707 mensi,
786 2643 843 2686 sex
865 2622 983 2706 pedum
1001 2643 1081 2706 esse,

64 2734 163 2797 quam
191 2710 309 2794 solem,
341 2733 436 2796 quem
462 2711 572 2780 metiri
603 2733 669 2776 non
700 2715 851 2795 possunt,
881 2710 955 2794 plus
984 2733 1081 2796 quam

65 2799 292 2884 duodeviginti
314 2799 461 2883 partibus
484 2800 639 2864 maiorem
658 2821 727 2864 esse
747 2821 844 2883 quam
867 2803 996 2864 terram.
1029 2799 1081 2865 Ex

32 2910 129 2973 aquo
152 2887 214 2952 illa
237 2887 399 2953 conclusio
421 2888 580 2953 nascitur:
618 2885 673 2971 ‘Si
696 2889 746 2952 sol
769 2891 909 2971 quantus
934 2889 987 2972 sit,
1009 2910 1079 2973 per·

66 2975 129 3060 cipi
162 2997 232 3041 non
267 2979 388 3060 potest,
425 2977 481 3060 qui
512 2980 633 3040 ceteras
665 2996 717 3039 res
750 2974 862 3040 eodem
893 2977 988 3043 modo
1018 3000 1081 3063 quo

66 3063 328 3150 magnitudinem
343 3064 422 3129 solis
447 3063 613 3147 adprobat,
636 3063 664 3127 is
688 3084 743 3128 eas
766 3085 909 3134 resnou
931 3065 1081 3148 percipit,

66 3151 262 3238 magnitudo
286 3157 393 3217 autem
417 3151 494 3217 solis
517 3151 642 3236 percipi
663 3172 730 3216 non
752 3155 875 3238 potest,
904 3154 958 3237 qui
980 3154 1082 3266 igitur

67 3241 99 3306 id
126 3239 305 3325 adprobat,
336 3240 429 3325 quasi
459 3240 632 3324 percipiat,
664 3239 787 3304 nullam
815 3262 885 3305 rem
916 3238 1080 3325 percipit.5

35 3326 308 3414 aResponderint
328 3350 425 3412 posse
447 3328 585 3412 percipi,
619 3332 777 3480 quantust
782 3329 832 3393 sol
855 3329 912 3410 sit3
944 3348 1012 3392 non
1033 3347 1081 3398 re·

67 3417 231 3503 pugnabo,
254 3415 329 3480 dum
352 3416 446 3481 modo
471 3416 583 3480 eodem
606 3419 703 3516 pacto
727 3419 777 3480 cet
779 3436 835 3479 era
857 3413 978 3497 percipi
997 3434 1081 3478 oom-

67 3503 287 3588 prehendique
319 3503 436 3570 dicant
479 3501 549 3570 Nec
576 3504 663 3571 enim
691 3506 833 3592 possunt
866 3502 975 3570 dicere
1001 3500 1098 3566 aliud
