2346 3876
281 190 348 244 ΜΒ.
367 189 402 244 ΙΙ.
430 183 506 243 ῡΑΡ.
526 192 647 241 ere-24.
676 191 830 252 sco-rc.
1017 184 1060 249 53

52 353 126 419 hic?
152 375 236 418 num
264 351 447 436 sophistes?
480 351 526 415 sic
553 349 639 414 enim
671 349 919 434 appellabantur
942 350 979 433 ii,
1006 350 1061 434 qui

54 441 285 507 ostentationis
321 445 378 504 aut
418 442 570 523 quaestus
592 460 705 502 causa
739 437 1061 521 philosophabantur.

52 529 197 594 Maxima
228 528 293 592 fuit
324 530 357 592 et
385 527 559 612 'gravitatis
590 530 623 591 et
653 526 776 610 ingenii
808 525 921 610 gloria.
978 525 1062 602 Quid
1080 539 1113 589 ‘13

53 619 167 702 loquar
191 617 232 680 de
255 615 463 681 Democrito?
491 636 586 699 quem
614 636 687 679 cum
714 635 751 678 eo
779 613 923 678 conferre
949 635 1061 699 possu-

30 728 123 772 amus
145 727 217 771 non
235 703 331 769 modo
349 703 470 789 ingenii
488 703 724 788 magnitudine,
748 701 804 766 sed
823 701 923 767 etiarn
941 702 1062 766 animi?

54 795 106 878 qui
137 793 188 858 ita
221 793 264 857 sit
295 814 390 856 ausus
427 791 539 856 ordiri:
577 789 696 856 ‘Haec
731 791 867 874 loquor
902 789 944 854 de
980 791 1060 855 uni-

54 879 205 946 uersis!
242 879 334 945 Nihil
357 880 485 964 excipit,
507 879 546 944 de
569 901 631 964 quo
653 901 720 945 non
741 879 938 962 profiteatur.
978 878 1061 955 Quid

55 970 138 1034 enim
170 990 243 1034 esse
275 971 384 1052 potest
410 973 501 1033 extra
522 967 694 1032 universa?
740 967 818 1043 Quis
845 967 931 1032 hunc
957 967 1061 1050 philo·

55 1058 194 1142 sophum
220 1078 288 1121 non
315 1056 483 1140 anteponit
511 1053 674 1140 Cleanthi,
704 1053 900 1140 Chrysippo,
928 1055 1060 1140 reliquis

25 1146 218 1212 uinferioris
248 1144 388 1209 aetatis?
420 1144 476 1228 qui
503 1144 585 1209 mihi
611 1166 686 1209 eum
711 1143 768 1208 illo
797 1144 908 1209 collati
930 1144 1060 1228 quintae

55 1234 165 1300 classis
188 1232 345 1298 videntur.
390 1232 497 1317 Atque
523 1233 552 1296 is
579 1254 647 1299 non
673 1232 736 1298 hoc
765 1231 857 1316 dicit,
886 1233 970 1316 quod
992 1254 1060 1316 nos,

55 1323 105 1406 qui
136 1321 209 1387 veri
236 1328 311 1386 'esse
342 1321 464 1405 aliquid
497 1343 564 1387 non
597 1341 767 1405 negamus,
806 1321 929 1406 percipi
964 1341 1060 1406 posse

55 1432 223 1496 negamus3
244 1409 301 1473 ille
322 1431 435 1473 verum
457 1410 553 1492 plane
570 1412 670 1494 negat
693 1430 776 1493 esse3
800 1428 913 1475 sensus
932 1409 1060 1494 quidem

54 1521 116 1563 non
149 1499 306 1564 obscuros
337 1497 429 1580 dicit,
460 1496 516 1561 sed
547 1497 780 1582 tenebricosos3
794 1545 798 1556 .
812 1497 859 1561 sic
887 1497 973 1561 enim
1005 1519 1061 1581 ap·

27 1587 153 1669 apellat
175 1608 241 1651 eos.
276 1584 324 1668 Is,
346 1585 402 1669 qui
423 1585 509 1650 hunc
527 1586 667 1650 maxime
688 1589 738 1651 est
755 1584 942 1667 admiratus,
960 1582 1060 1649 Chius

55 1674 271 1757 Metrodorus,
299 1673 394 1738 initio
420 1673 510 1757 libri,
539 1673 595 1758 qui
622 1678 672 1739 est
699 1673 889 1738 denatura:
922 1670 1060 1756 <Nego'

56 1763 159 1848 inquit
186 1761 303 1827 ‘scire
332 1784 415 1846 nos,
447 1762 663 1828 sciamusne
693 1761 854 1846 aliquid,
886 1783 932 1826 an
960 1760 1060 1824 nihil

56 1852 235 1934 sciamus,
253 1872 298 1914 ne
316 1849 354 1916 id
372 1850 496 1933 ipsum
514 1849 677 1934 quidem,
694 1850 843 1915 nescire
864 1852 929 1914 aut
948 1849 1060 1930 scire,

56 1941 149 2004 scire
171 1960 257 2022 nos,
278 1959 347 2003 nec
369 1938 539 2022 omnino,
569 1939 670 2003 sitne
696 1937 860 2023 aliquid,
884 1959 931 2003 an
958 1937 1060 2003 nihil

28 2026 126 2092 osit'
159 2025 280 2092 Furere
297 2026 360 2090 tibi
373 2025 587 2109 Empedocles
604 2026 741 2111 videtur,
760 2030 794 2090 at
811 2026 893 2091 mihi
911 2027 1059 2110 dignissi-
1079 2041 1112 2091 '14

57 2137 140 2180 mum
167 2115 265 2180 rebus
292 2115 347 2198 iis,
380 2114 419 2178 de
447 2115 563 2198 quibus
594 2115 749 2199 loquitur,
776 2137 891 2180 sonum
917 2115 1057 2181 fundere.

55 2202 137 2268 Num
171 2223 249 2288 crgo
280 2203 309 2267 is
340 2205 490 2267 excaecat
523 2224 584 2269 nos
616 2206 672 2268 aut
706 2203 801 2268 orbat
833 2204 994 2288 sensibus,
1031 2205 1059 2268 si

56 2313 168 2373 parum
195 2312 349 2376 magnam
377 2290 443 2355 vim
466 2294 575 2355 censet
600 2291 636 2355 in
662 2291 704 2356 iis
732 2313 801 2356 csse
831 2293 871 2357 ad
898 2314 949 2376 ea,
977 2315 1058 2376 quae

57 2380 111 2444 snb
130 2402 187 2447 ecs
208 2379 352 2444 subiecta
370 2381 460 2460 sunt,
481 2379 674 2443 iudicanda?
709 2379 930 2463 Parmenides,
952 2379 1058 2445 Xeno-

28 2467 191 2551 aphanes,
218 2467 325 2532 minus
352 2467 446 2531 bonis
469 2489 663 2552 quamquam
685 2469 845 2550 uersibus,
872 2468 927 2532 sed
949 2472 1060 2534 tamen

55 2555 99 2620 illi
117 2555 267 2622 versibus
291 2555 459 2638 increpant
482 2576 593 2620 eorum
617 2555 842 2640 adrogantiam
860 2556 952 2639 quasi
965 2556 1059 2640 irati,

57 2644 119 2729 qui,
148 2665 224 2709 cum
252 2643 328 2707 sciri
349 2643 433 2706 nihil
460 2643 577 2727 possit,
607 2644 747 2708 audeant
773 2665 807 2708 sc
834 2643 917 2708 scire
946 2644 1058 2711 dicere.

56 2729 94 2796 at
116 2733 160 2796 ab
183 2731 237 2795 his
260 2731 621 2796 aiebaaremovendum
645 2730 800 2796 Socraten
825 2734 858 2796 et
879 2732 1059 2798 Platonem.

58 2816 139 2883 Cur?
176 2840 220 2883 an
256 2818 294 2883 de
325 2818 402 2883 ullis
435 2819 551 2883 certius
583 2842 717 2903 possum
749 2819 876 2885 dicere?
929 2818 1058 2886 Vixisse

30 2923 125 2971 acum
148 2907 190 2971 iis
214 2906 360 2991 equidem
383 2907 505 2989 videor3
524 2907 574 2970 ita
592 2909 686 2972 multi
705 2929 868 2974 sermones
888 2910 1059 2994 perscripti

59 2998 142 3079 sunt,
165 3015 183 3059 e
208 2994 325 3079 quibus
348 2994 489 3059 dubitari
505 3015 572 3060 non
594 2996 710 3080 possit,
733 2997 812 3080 quin
830 2993 955 3062 Socrati
975 2999 1059 3062 nihil

59 3082 96 3146 sit
116 3083 226 3148 risum
250 3082 325 3146 sciri
347 3084 455 3166 posse3
483 3083 607 3167 excepit
628 3106 727 3149 unum
749 3089 888 3169 tantum,
918 3086 1000 3150 scire
1023 3106 1058 3150 se

28 3244 31 3249 ,
57 3169 134 3235 nihil
157 3191 193 3235 se
217 3171 311 3253 scire,
332 3170 414 3234 nihil
433 3171 579 3252 amplius.
617 3171 700 3247 Quid
723 3173 826 3238 dicam
845 3174 883 3238 tle
901 3172 1058 3237 Platone?

60 3259 109 3339 qui
130 3261 218 3322 certe
240 3260 310 3322 tam
332 3259 442 3323 multis
464 3258 556 3323 libris
574 3259 654 3323 haec
671 3265 856 3345 persecutus
875 3283 942 3327 non
965 3262 1058 3343 esset,

33 3344 115 3409 cusi
142 3345 357 3430 probavisset.
406 3343 548 3410 Ircniam
581 3348 666 3411 enim
692 3349 838 3432 alterius,
870 3350 1056 3431 perpetuam

61 3433 259 3518 praesertim,
274 3433 374 3534 nulla
392 3433 462 3498 >fuit
488 3434 572 3499 ratio
599 3436 756 3520 persequi.
810 3435 972 3501 Videorne
998 3414 1152 3543 lffl'lu

10 3536 15 3629 q
61 3536 128 3605 non,
148 3522 188 3585 ut
207 3519 407 3609 Saturninus,
422 3523 600 3590 homnae
617 3525 717 3593 modo
736 3525 898 3593 inlustres
909 3524 1086 3608 homines,
