2346 3876
61 185 63 191 '
107 173 151 237 22
376 172 668 228 ACADEMICORUM
685 172 850 228 PRIORUM

106 336 193 401 toria
218 358 284 401 non
311 335 481 399 admodum
503 332 762 418 exspectabatur,
785 337 841 419 qui
864 335 1114 402 adulescentiam

107 425 143 488 in
160 423 280 488 forensi
299 445 405 506 opera,
423 427 614 506 quaesturae
633 423 819 488 diuturnum
836 427 965 507 tempus
980 422 1115 490 Murena

107 512 229 577 bellum
247 512 283 575 in
295 511 398 576 Ponto
417 515 547 596 gerente
565 512 599 575 in
613 509 694 575 Asia
710 512 746 576 ia
763 533 842 595 pace
860 517 1114 596 consumpserat.

108 597 170 663 Sed
191 599 389 664 incredibilis
413 599 569 682 quaedam
591 599 714 683 ingenii
732 600 922 684 magnitudo
941 621 1010 665 non
1033 601 1114 665 desi-

108 687 233 753 deravit
250 688 421 752 indocilem
439 709 516 751 usus
535 687 747 770 disciplinam.
782 687 897 772 Itaque
915 709 989 753 cum
1007 693 1137 754 totums

106 776 170 839 iter
191 779 226 839 et
247 776 488 860 navigationem
507 776 759 858 consumpsisset
779 776 900 859 partim
922 777 958 840 in
979 799 1114 860 percon-

106 864 205 928 tando
233 887 253 927 a
279 864 405 948 peritis,
432 863 552 946 partim
578 864 613 927 in
640 864 736 928 rebus
764 864 865 947 gestis
894 864 1055 948 legendis,
1082 866 1114 928 in

106 950 220 1016 Asiam
247 951 352 1016 factus
375 952 550 1034 imperator
576 953 676 1033 venit,
704 972 776 1016 cum
798 955 884 1016 esset
910 951 1017 1016 Roma
1041 975 1114 1037 pro·

107 1038 211 1103 fectus
233 1040 281 1103 rei
299 1039 449 1103 militaris
467 1038 565 1103 rudis.
602 1038 727 1103 Habuit
748 1040 833 1103 enim
852 1038 994 1125 divinam
1014 1063 1113 1125 quan-

108 1127 181 1190 dam
199 1127 389 1191 memoriam
404 1148 523 1211 rerum,
542 1127 713 1191 verborum
731 1127 887 1190 maiorem
903 1126 1112 1211 Hortensius,
1126 1150 1148 1190 ro

108 1214 164 1278 sed
194 1236 257 1297 quo
284 1215 357 1296 plus
389 1213 423 1278 in
450 1215 590 1299 negotiis
623 1214 770 1299 gerendis
802 1235 853 1278 res
885 1237 982 1299 quam
1015 1217 1113 1281 verba

106 1305 257 1386 prosunt,
287 1302 349 1366 hoo
380 1305 450 1365 erat
478 1303 633 1367 memoria
663 1302 722 1367 illa
752 1303 983 1386 praestantium
1017 1327 1113 1388 quam

106 1389 207 1454 fuisse
225 1390 259 1454 in
277 1389 502 1473 Themistocle,
524 1411 618 1473 quem
640 1389 736 1454 facile
759 1388 912 1454 Graeciae
933 1391 1113 1476 prinoipem

106 1477 273 1561 ponimus,
301 1477 497 1562 singularem
519 1477 641 1559 ferunt3
667 1477 874 1562 quiquidem
897 1478 997 1542 etiam
1019 1480 1114 1563 polli-

108 1567 193 1630 centi
211 1565 336 1630 cuidam
355 1588 390 1630 se
408 1569 511 1630 artem
531 1566 560 1631 ei
577 1566 766 1648 memoriae,
784 1588 865 1649 quae
883 1568 953 1630 tum
971 1568 1148 1650 primumn

107 1653 341 1738 proferebatur,
367 1654 564 1718 traditurum
589 1654 793 1738 respondisse
820 1653 938 1719 dicitur
964 1654 1113 1720 oblivisci

107 1762 142 1804 se
168 1741 265 1806 malle
288 1742 422 1824 discere,
450 1742 557 1825 oredo,
581 1743 666 1825 quod
687 1742 867 1806 haerebant
887 1742 924 1805 in
947 1744 1113 1826 memoria,

108 1851 326 1913 quaecumque
354 1829 498 1894 audierat
525 1833 558 1892 et
583 1830 717 1894 viderat.
765 1828 838 1893 Tali
867 1829 998 1913 ingenio
1021 1853 1113 1914 prae-

107 1916 192 1980 ditus
219 1916 372 1982 Lucullus
402 1917 589 1981 adiunxerat
616 1917 714 1981 etiam
736 1917 839 2000 illam,
866 1939 964 2001 (pram
986 1918 1113 1983 Themi-

107 2005 227 2069 stocles
250 2007 427 2088 spreverat,
450 2005 665 2090 disciphnam,
689 2006 812 2090 itaque,
834 2008 873 2068 ut
894 2005 1014 2070 litteris
1038 2029 1113 2072 con·
1126 2029 1150 2070 ro

107 2093 288 2176 signamus,
323 2115 404 2176 quae
439 2095 655 2158 monumentis
687 2093 840 2157 mandare
870 2093 1033 2178 volumus,
1067 2095 1114 2160 sio

72 2180 162 2249 3ille
193 2181 227 2244 in
254 2181 361 2245 animo
390 2201 441 2244 res
468 2181 649 2265 insculptas
676 2181 826 2245 habebat
880 2180 1002 2249 Tantus
1035 2203 1113 2266 ergo

107 2268 334 2352 imperatorin
353 2269 442 2332 omni
460 2288 576 2352 genere
594 2270 674 2333 belli
692 2268 766 2351 fuit,
784 2269 926 2352 proeliis,
947 2290 1111 2354 oppugna·

106 2357 258 2439 tionibus,
279 2356 450 2421 navalibus
473 2358 590 2440 pugnis
610 2357 774 2439 totiusque
796 2356 875 2420 belli
896 2357 1111 2424 instrumento

108 2448 141 2508 et
155 2444 321 2527 adparatu,
334 2447 373 2508 ut
384 2444 442 2508 ille
455 2465 511 2508 rex
524 2448 600 2528 post
609 2443 828 2509 Alexandrum
842 2465 1012 2509 maxumus
1025 2445 1111 2510 hunc
1124 2469 1148 2512 aa

107 2556 127 2596 a
143 2554 177 2598 se
194 2533 349 2597 maiorem
367 2532 479 2598 ducem
494 2533 658 2617 cognitum
673 2552 769 2615 quam
783 2553 977 2616 quemquam
992 2555 1112 2617 eorum,

108 2642 188 2705 quos
205 2621 348 2706 legisset,
369 2620 535 2685 fateretur.
567 2619 606 2684 In
624 2621 736 2685 eodem
752 2623 845 2684 tanta
862 2620 1033 2704 prudentia
1049 2621 1113 2685 fuit

106 2709 142 2773 in
182 2708 414 2773 constituendis
454 2707 735 2792 temperandisque
771 2708 973 2791 civitatibus,
1018 2713 1113 2774 tanta

108 2797 267 2880 aequitas,
301 2799 339 2860 ut
368 2794 464 2859 hodie
497 2799 562 2859 stet
592 2794 673 2859 Asia
705 2794 830 2860 Luculli
858 2796 1019 2860 institutis
1047 2818 1112 2861 ser-

107 2883 221 2948 vandis
236 2887 270 2947 et
287 2883 379 2966 quasi
398 2882 546 2966 vestigiis
564 2882 801 2967 persequendis.
834 2882 895 2947 Sed
912 2884 975 2948 etsi
992 2905 1112 2968 magna
1125 2906 1149 2948 so

108 2993 180 3035 cum
197 2971 340 3035 utilitate
358 2971 406 3035 rei
423 2971 585 3055 publicae,
596 2976 707 3035 tamen
724 2971 853 3054 diutius,
873 2993 970 3055 quam
989 2972 1112 3055 vellem,
1129 2985 1135 2994 “

107 3063 200 3124 tanta
226 3059 275 3122 vis
303 3058 433 3138 virtutis
461 3063 556 3142 atque
583 3060 706 3144 ingenii
732 3060 936 3144 peregrinata
960 3059 1043 3124 afuit
1070 3060 1112 3125 ab

108 3147 209 3212 oculis
238 3149 271 3210 et
296 3145 361 3211 fori
388 3149 422 3210 et
448 3148 563 3211 curiae.
613 3146 697 3223 Quin
721 3148 832 3230 etiam,
859 3168 931 3210 eum
958 3148 1062 3212 victor
1093 3170 1113 3211 a

107 3233 327 3298 Mithridatico
364 3234 450 3299 bello
486 3235 682 3318 revertisset,
713 3235 916 3298 inimicorum
948 3235 1114 3300 calumnia

106 3322 246 3387 triennio
281 3322 403 3387 tardius
440 3344 536 3406 quam
572 3323 726 3387 debuerat
760 3323 983 3405 triumpharit.
1040 3322 1112 3389 Nos
1126 3345 1152 3387 a

106 3410 193 3474 enim
221 3411 367 3475 consules
397 3409 631 3474 introduximus
664 3432 768 3494 paene
790 3409 825 3474 in
847 3410 960 3474 urbem
983 3432 1112 3475 currum

101 3498 276 3563 clarissimi
296 3497 372 3582 viri,
393 3497 483 3563 ouius
501 3498 583 3562 mihi
601 3498 771 3588 consilium
789 3501 823 3561 et
841 3499 1017 3563 auotoritas
1035 3499 1114 3582 quid

68 3618 158 3640 a..
