2346 3876
380 153 593 210 ADNOTATIO
614 153 764 209 OBITICA.
1028 153 1081 208 Vll

66 315 144 379 ders,
163 330 191 382 p.
206 319 266 368 231.
282 319 314 368 17
333 313 528 368 3311333313
542 314 629 382 paria
646 314 765 383 311133,
783 331 811 383 p.
826 317 885 368 214.
905 318 938 367 27
958 313 1080 382 epacaret

66 385 260 453 perdonate,
283 402 310 453 p.
334 389 394 438 332.
413 389 447 438 20
472 384 539 440 Nou
562 385 648 438 audeo
670 385 702 439 id
723 385 811 439 dicere
827 385 947 454 quidem,
972 400 999 451 p.
1018 387 1078 437 339.

67 461 105 508 21
125 471 167 521 sq.
194 470 229 509 33
252 456 354 508 33133
380 455 487 523 quiden
508 455 609 520 31133,
631 472 659 523 p.
678 459 737 508 374.
762 459 796 507 23
818 471 853 509 ne
878 455 1029 522 1313113933
1055 457 1081 506 13

70 525 193 592 quidem,
215 541 242 593 p.
263 531 322 580 383.
346 531 379 578 31
409 525 507 580 Veram
530 525 637 593 paidos
658 524 886 591 3331331333,
908 541 936 593 p.
961 529 1021 577 410.
1045 529 1080 577 28
1109 556 1118 577 .

69 597 124 649 isto
140 595 221 649 modo
245 595 365 665 quidem,
387 611 415 664 p.
438 600 498 650 433.
519 601 552 649 21
570 609 627 649 aces
649 610 716 649 3333
738 595 866 664 optabilis
888 595 995 663 quidem
1017 594 1080 658 ista,

68 683 98 733 p.
118 669 180 718 454.
200 670 234 719 13
252 666 392 720 33311131
408 665 527 734 quoidam
552 664 608 719 vid.
631 664 724 719 Halm.
743 665 786 718 ed.
806 664 896 718 Or.‹H
917 667 985 718 tom.
1004 665 1031 718 II
1052 681 1078 732 p.

73 740 151 790 1374.
172 740 214 790 23.
256 734 309 789 Sed
332 734 378 789 hic
396 752 423 803 p.
445 742 485 789 13.
505 741 539 789 37
558 752 597 804 sq.
616 739 753 790 13333333
775 735 825 789 tec
842 736 951 789 33333
974 736 1081 804 quidem

69 822 127 859 non
154 804 269 858 videtur
289 805 462 860 recte'vellc
487 805 614 859 Halmius
637 805 757 859 scribere
780 804 905 873 (scripsit
925 805 1009 874 Bait.)
1031 806 1081 859 too

109 876 180 929 idem
197 877 315 930 333133.
344 875 473 930 Fortasse
492 875 628 929 scribend.
647 877 718 930 idem
736 876 788 930 erit
805 878 877 930 3313
894 877 1031 930 3133133.
1047 907 1080 914 -

96 985 102 998 .
124 951 166 1000 13.
187 950 203 998 7
222 946 360 1000 Arcesilae
377 945 485 1001 seclusi.

142 1015 280 1070 Luculli
297 1016 410 1085 optimis
429 1015 571 1072 codicibus
585 1014 711 1069 Halmius
729 1015 830 1070 iisdem
846 1034 912 1071 usus
931 1018 982 1084 331,
1001 1017 1080 1071 Vin-

68 1086 266 1140 doboncnsi
279 1088 309 1140 31
321 1085 548 1141 Leidensibus
562 1087 587 1138 A
597 1088 625 1141 31
634 1086 666 1154 Β,
678 1086 709 1139 in
722 1086 822 1154 quibus
836 1088 901 1142 sunt
916 1087 1002 1141 etiam
1015 1086 1081 1141 libri

69 1156 107 1208 13
131 1156 249 1210 deorum
266 1158 379 1224 natura,
403 1157 438 1212 dc
455 1155 640 1223 divinatione,
662 1156 802 1223 Timaeus,
826 1157 951 1225 delato,
976 1157 1081 1226 topica,

69 1227 229 1295 paradoxa,
248 1227 283 1280 13
300 1227 418 1296 legibus.
454 1227 487 1280 In
505 1225 700 1280 enumerandis
717 1226 766 1296 iis,
792 1244 863 1296 quas
881 1228 965 1282 aliter
984 1227 1082 1297 scripsi

70 1298 158 1364 atque
171 1296 300 1350 Halmius
314 1300 344 1351 et
361 1297 498 1364 Baiterus,
515 1313 607 1366 pauca
624 1296 717 1365 omisi,
737 1313 809 1365 quae
828 1298 864 1351 ad
880 1297 1081 1367 interpunctio-

69 1383 136 1420 nem
152 1370 182 1421 31
196 1367 426 1437 orthographiam
443 1367 585 1436 pertinent
605 1369 783 1436 (qaidqaam,
797 1369 1009 1437 comprehendo,
1027 1370 1081 1423 13-

68 1438 167 1504 pedio,
185 1438 294 1504 iisdem,
310 1441 543 1503 3333333133);
561 1436 591 1490 in
608 1437 748 1506 plerisque
767 1437 871 1492 talibus
885 1441 914 1493 et
931 1438 961 1492 in
980 1439 1034 1494 hoc
1053 1442 1082 1493 31

69 1507 101 1560 in
114 1506 232 1574 reliquis
245 1507 325 1562 libris
338 1507 444 1562 Halmii
462 1509 492 1561 31
502 1508 610 1562 Baiteri
624 1509 782 1576 exemplum
796 1510 906 1564 secutus
921 1527 991 1577 sum,
1005 1510 1081 1577 quod

70 1593 129 1632 non
146 1578 246 1645 modo,
265 1577 333 1646 quid
349 1578 453 1646 ubique
467 1576 563 1632 Cicero
581 1577 735 1647 scripserit,
754 1578 950 1633 verumetiam
967 1579 1035 1647 quid
1052 1580 1082 1633 in

72 1663 185 1715 qnoque
205 1647 300 1702 codice
319 1647 453 1717 scriptum
472 1648 522 1715 sit,
539 1647 671 1717 ignorare
690 1648 818 1703 solemus.

143 1716 176 1772 P.
191 1723 234 1772 21.
249 1724 266 1772 8
280 1734 332 1786 per
349 1720 447 1773 maltos
465 1733 552 1773 33333
570 1718 675 1785 Halm,
693 1717 764 1774 Bait.
780 1749 814 1758 -
827 1717 858 1773 P.
873 1725 916 1774 22.
931 1724 947 1774 3
964 1719 996 1773 ies
1009 1720 1080 1774 Aeto

69 1788 103 1841 irs
119 1803 191 1855 pace
209 1787 353 1856 Guilelm,
371 1789 403 1842 13
421 1789 492 1842 Asia
504 1804 575 1856 pace
593 1789 654 1842 cod.
673 1788 711 1853 V,
730 1788 832 1856 Halm,
855 1789 887 1843 irs
909 1791 994 1846 Asius
1011 1807 1082 1859 poce

70 1857 156 1911 codd.
179 1858 245 1924 AB,
268 1860 300 1912 13
321 1858 428 1930 [Asia]
446 1875 516 1927 pace
537 1858 608 1913 Bait.
635 1891 666 1899 -
688 1856 719 1914 P.
739 1865 782 1913 23.
808 1865 842 1913 22
865 1859 905 1913 At
925 1859 1012 1927 Bait,
1039 1862 1082 1913 Ac

71 1928 169 1995 3311,
187 1928 280 1982 Halm.
300 1958 333 1968 —
351 1927 382 1981 P.
401 1930 546 1983 2413113
565 1929 624 1995 Or,
647 1930 690 1984 tis
709 1929 802 1998 codd,
826 1930 932 1996 Halm,
955 1930 1028 1984 Bait.
1047 1962 1081 1970 —

71 1997 102 2052 P.
131 2004 176 2052 24.
200 2003 234 2052 23
261 2013 289 2052 33
314 2000 382 2053 seire
413 1999 587 2053 3111333133
614 2014 648 2052 ex
677 1998 784 2053 Halmii
814 2001 884 2057 coni.
911 1999 997 2068 Bait,
1027 2017 1081 2055 om.

71 2068 134 2138 ipsc
153 2067 245 2123 Halm.
259 2067 338 2137 -P
354 2074 396 2122 24.
411 2073 445 2123 33
464 2073 489 2123 31
506 2070 643 2124 audiendo
660 2068 793 2123 omissum
807 2070 837 2124 in
849 2086 905 2124 uno
920 2071 980 2125 cod.
996 2071 1080 2125 Vind.

71 2137 177 2191 iniuria
201 2137 271 2192 mibi
292 2138 424 2193 videntur
447 2139 539 2192 Halm.
559 2141 589 2193 et
606 2137 678 2194 Bait.
701 2140 871 2210 neglexisse,
895 2140 995 2196 vitiose
1013 2159 1081 2197 vero

72 2208 161 2262 iidem
173 2224 201 2277 p.
216 2213 259 2263 25.
275 2214 309 2263 10
323 2210 446 2264 331133
462 2209 622 2278 retinuisse,
642 2226 810 2278 quamquam
826 2211 866 2266 sic
885 2211 1019 2281 scriptum
1038 2215 1081 2266 est

72 2278 104 2331 in
122 2277 251 2332 omnibns
270 2279 351 2334 codd.
371 2310 404 2320 -
422 2276 453 2334 P.
468 2285 542 2335 233
564 2281 596 2333 iu
617 2281 716 2347 quibus
733 2296 803 2347 333,
824 2283 850 2336 ss'
871 2283 945 2348 falsu
966 2284 1082 2349 fuerim,

71 2349 149 2402 31331
174 2364 216 2402 ese
235 2350 330 2402 33113
357 2349 477 2404 scribere
504 2349 603 2417 malui,
629 2352 663 2403 ut
687 2367 829 2405 suaseram
853 2351 885 2405 in
906 2351 1082 2406 Fleckeiseni

72 2418 167 2472 annal.
185 2417 284 2487 philol.
304 2423 373 2474 1884
391 2435 418 2487 p.
435 2424 485 2473 146
503 2437 530 2473 n.
544 2426 575 2486 9,
595 2435 679 2487 quam
696 2421 771 2476 31331
788 2438 833 2476 33
850 2422 944 2477 aialim
962 2423 1002 2477 sio
1021 2440 1081 2477 cor-

72 2488 178 2556 rigere:
205 2490 280 2543 31331
303 2505 371 2544 333
395 2489 504 2556 malim,
530 2490 605 2557 qnod
628 2489 697 2545 feeit
721 2490 849 2545 Halmius
873 2493 999 2561 profecto
1025 2510 1082 2547 non

72 2558 159 2626 bene,
178 2559 208 2613 et
224 2558 361 2628 recipere,
385 2560 460 2627 quod
478 2561 521 2613 est
542 2561 572 2614 in
590 2560 705 2628 reliquis
724 2561 804 2616 codd.
824 2564 936 2629 praeter
953 2563 1030 2617 Leid.
1048 2564 1080 2631 B,

72 2629 105 2682 e'a
118 2629 218 2697 quibos
229 2631 256 2683 ss‘
268 2645 325 2684 333
337 2629 449 2696 fuerint.
478 2628 629 2698 Aliquanto
643 2630 742 2686 melius
755 2630 857 2685 Baiter.
871 2647 988 2686 333333
999 2639 1029 2687 31
1040 2650 1081 2699 eu,

71 2699 274 2835 11111131
285 2715 352 2822 '¹⁰1³‘
368 2700 756 2826 1311133333
771 2702 1040 2829 caetrata
1057 2706 1083 2759 ⁸⁴

71 2840 180 2893 etitem
193 2840 359 2894 Antiochum
376 2839 476 2909 scripsi
494 2857 557 2895 cum
575 2840 671 2909 (1333,
688 2835 773 2897 codd.
794 2844 823 2897 et
841 2842 903 2897 edd.
917 2848 942 2898 et
959 2860 1020 2899 333
1039 2876 1081 2900 -.

71 2908 103 2964 P.
124 2914 167 2965 27.
188 2915 221 2965 23
239 2911 297 2964 iam
314 2927 334 2965 a
352 2911 387 2965 P.
411 2911 519 2966 Valerio
536 2911 646 2980 Lamb,
664 2912 751 2981 Bait,
772 2912 853 2968 codd.
873 2929 926 2968 om.
943 2932 970 2980 o,
988 2915 1081 2970 Halm.

72 2995 89 3032 3
106 2978 218 3033 Davisii
240 2980 357 3036 conieot.
380 2981 404 3035 a·
430 2998 448 3037 3
468 2981 500 3036 P.
526 2981 586 3036 Vol.
605 2979 688 3037 -Ρ,
708 2984 986 3040 2734313113333
1004 2988 1083 3040 3131

71 3050 252 3118 3333133313
269 3051 387 3106 Grutero
405 3053 518 3106 auctore
536 3051 634 3106 inclus.
653 3052 745 3106 Halm.
765 3054 795 3107 et
811 3052 884 3109 Bait.
904 3085 937 3094 -
956 3053 988 3113 P.
1007 3062 1049 3111 28.
1065 3064 1082 3112 4

74 3120 274 3189 Xenophanen
296 3120 368 3177 Bait.
388 3152 422 3161 —
440 3121 471 3178 P.
490 3127 533 3179 28.
552 3127 586 3176 22
604 3122 776 3179 delitisceret
796 3123 876 3180 codd.
896 3123 960 3192 AB,
980 3126 1081 3195 Halm,

71 3189 146 3244 Bait.
161 3221 195 3232 —
208 3189 241 3245 P.
255 3197 298 3248 30.
313 3198 345 3245 11
360 3187 539 3260 καταληπτόν
552 3193 685 3261 Τῑιηιθὶ).,
703 3192 775 3248 Bait.
791 3224 824 3232 -
838 3192 869 3249 P.
885 3201 927 3250 31.
949 3201 981 3250 15
999 3198 1083 3251 vilior

70 3277 124 3330 pro
143 3261 244 3316 3111333
260 3260 332 3316 Bait.
351 3289 386 3301 -
404 3259 435 3317 P.
450 3268 492 3316 31.
509 3267 541 3316 18
556 3279 597 3329 sq.
616 3264 661 3317 331
679 3264 851 3318 3133313133·
864 3264 987 3334 Madvig.
1005 3280 1081 3319 eum-

71 3346 127 3398 que
151 3333 263 3386 secutus
285 3331 370 3401 Bait,
392 3332 474 3388 codd.
497 3332 564 3400 qaia
585 3333 729 3387 33311313.
752 3362 785 3373 -
808 3331 840 3388 P.
859 3340 901 3389 31.
921 3340 954 3388 21
977 3336 1083 3390 sentiet

70 3401 166 3455 Halm.
187 3400 301 3455 31Β311.
315 3417 331 3456 3
349 3401 564 3457 3311113131).
580 3404 608 3456 et
620 3401 698 3457 Laid
712 3403 746 3471 A,
764 3404 891 3458 sentient
908 3403 985 3456 Laid.
999 3404 1030 3458 B.
1047 3435 1080 3445 -

71 3468 103 3526 P.
123 3476 167 3526 32.
187 3477 203 3526 3
222 3472 508 3526 333133133333
526 3471 621 3540 codd,
646 3473 1004 3527 333133133333333
1022 3474 1085 3542 alii,
