2346 3876
285 171 353 227 ΜΒ.
372 172 406 227 11.
435 170 512 226 cAP.
534 178 580 240 rr,
600 177 642 227 rs.
671 176 829 237 sss-so.
1013 170 1057 234 47

43 335 140 400 nobis
161 335 243 399 satis
264 338 313 399 est
331 357 393 401 ova
415 334 473 399 illa
490 356 557 399 non
575 335 798 398 internoscere.
837 333 948 400 Nihilo
972 333 1058 398 enim

46 424 152 508 magis
178 423 336 488 adsentiri
358 445 418 506 par
439 428 484 488 est
506 428 565 488 hoo
587 423 669 487 illud
693 445 776 507 esse,
804 445 899 506 quam
923 423 951 486 si
974 423 1060 487 inter·

45 511 103 576 illa
130 512 267 576 omnino
295 511 376 575 nihil
409 511 587 576 interesset.
641 509 755 575 Habeo
788 511 873 575 enim
904 512 1060 596 regulam,

47 604 82 664 ut
112 600 197 665 talia
229 600 302 664 visa
332 621 409 665 vera
439 600 591 684 iudicem,
627 600 738 683 qualia
768 598 852 664 falsa
888 621 957 664 esse
992 621 1058 664 non

25 714 35 754 s
47 688 190 772 possint3
216 688 258 754 ab
281 688 343 753 hae
366 688 447 752 mihi
464 710 531 753 non
549 689 626 753 licet
643 692 876 770 transversum,
899 690 936 751 ut
959 688 1060 768 aiunt,

49 776 188 862 digitum
212 776 388 860 discedere,
418 797 459 840 ne
483 777 678 842 confundam
702 776 819 840 omnia.
870 776 949 841 Veri
972 777 1058 839 enim

49 869 80 928 et
100 864 180 929 falsi
197 888 266 930 non
283 865 380 931 modo
404 865 562 950 cognitio,
586 865 760 930 sedetiam
779 868 896 929 natura
918 864 1058 947 tolletur,

51 953 76 1017 si
102 953 186 1018 nihil
211 953 285 1031 erit,
314 953 399 1038 quod
425 953 568 1037 intersit3
597 957 635 1018 ut
657 953 756 1017 etiam
780 953 861 1017 illud
884 953 1058 1017 absurdum

51 1043 105 1126 sit,
127 1042 217 1126 quod
239 1042 401 1106 interdum
420 1042 531 1107 soletis
550 1041 669 1126 dicere,
691 1063 762 1106 oum
783 1042 854 1106 visa
876 1043 911 1106 in
933 1042 1057 1106 animos

25 1155 43 1195 u
53 1130 293 1214 imprimantur,
328 1152 394 1195 non
430 1153 488 1197 vos
525 1130 558 1194 id
598 1130 717 1213 dicere,
753 1129 838 1194 inter
872 1130 962 1214 ipsas
998 1131 1057 1194 irn-

54 1220 233 1301 pressiones
260 1219 343 1283 nihil
369 1219 539 1302 interesse,
567 1219 623 1283 sed
649 1219 735 1282 inter
761 1218 883 1302 species
907 1223 940 1283 et
967 1241 1058 1304 quas-

56 1307 123 1371 dam
144 1307 269 1372 formas
293 1329 413 1373 eorum.
451 1307 551 1384 Quasi
573 1329 648 1373 vero
667 1329 735 1373 non
757 1308 863 1391 specie
883 1308 955 1372 visa
978 1308 1058 1371 iudi·

57 1398 173 1460 centur!
201 1417 285 1480 quae
312 1395 407 1462 fidem
433 1396 559 1460 nullam
586 1395 754 1460 habebunt
781 1396 911 1461 sublata
935 1395 1004 1460 veri
1027 1399 1059 1459 et

10 1538 12 1557 ,
58 1483 122 1548 lalsi
144 1487 235 1550 nota.
271 1484 357 1548 Illud
374 1506 450 1549 vero
469 1484 716 1569 perabsurdum,
739 1484 825 1567 quod
846 1484 962 1566 dicitis,
985 1506 1058 1569 pro·
1077 1495 1113 1543 59

33 1571 174 1637 ababilia
196 1594 255 1638 vos
280 1573 386 1656 sequi,
414 1573 443 1636 si
469 1573 560 1637 nulla
581 1594 615 1636 re
638 1572 868 1656 impediamini.
914 1571 1059 1637 Primum

61 1661 106 1742 qui
132 1661 273 1745 potestis
305 1683 371 1730 non
402 1661 565 1745 impediri,
603 1682 675 1726 cum
708 1684 728 1724 a
758 1660 842 1724 veris
877 1660 962 1724 falsa
993 1682 1060 1725 non

62 1748 189 1814 distent?
231 1749 344 1814 deinde
386 1750 472 1833 quod
506 1750 660 1814 iudicium
697 1751 747 1812 est
782 1749 863 1833 veri,
907 1771 979 1813 curn
1017 1749 1060 1812 sit

64 1857 220 1903 commune
255 1836 356 1901 falsi?
410 1836 461 1902 Ex
496 1837 548 1902 his
584 1838 644 1902 illa
679 1838 859 1902 necessario
895 1841 974 1901 nata
1010 1841 1059 1902 est

64 1921 165 2010 ἐποχή,
188 1926 223 1990 id
245 1929 297 1990 est
320 1925 519 1991 adsensionis
542 1926 693 2008 retenti0,
716 1925 751 1989 in
773 1948 837 2010 qua
858 1926 971 1990 melius
995 1926 1059 1990 sibi

39 2015 196 2079 aconstitit
224 2014 402 2098 Arcesilas,
431 2015 458 2079 si
485 2036 562 2080 vera
589 2017 677 2097 sunt,
710 2035 791 2097 quae
824 2015 861 2078 de
894 2012 1060 2079 Carneade

63 2103 223 2168 nonnulli
250 2103 448 2167 existimant.
497 2101 532 2167 Si
559 2103 643 2167 enim
671 2102 795 2186 percipi
827 2103 908 2167 nihil
942 2106 1059 2187 potest,

63 2193 132 2272 quod
155 2191 286 2275 utrique
303 2191 409 2255 visum
428 2194 492 2272 est,
514 2191 675 2256 tollendus
699 2190 854 2256 adsensus
877 2195 935 2256 est.
975 2190 1059 2267 Quid

63 2279 134 2344 enim
157 2284 210 2344 est
238 2283 309 2346 tam
335 2280 457 2365 futtile,
468 2301 566 2363 quam
596 2279 766 2364 quicquam
790 2279 969 2364 adprobare
993 2300 1059 2344 non

63 2367 240 2452 cognitum?
288 2365 487 2433 Carneadem
510 2371 618 2432 autem
641 2368 739 2431 etiam
761 2367 831 2432 heri
849 2367 1058 2432 audiebamus

40 2457 181 2522 ssolitum
201 2478 273 2521 esse
286 2477 320 2522 eo
338 2456 446 2521 delabi
464 2455 633 2540 interdum,
653 2461 689 2520 ut
707 2456 827 2521 diceret
844 2457 1060 2540 opinaturum,

62 2541 86 2607 id
108 2550 160 2610 est
182 2547 405 2630 peccaturum,
432 2565 501 2609 esse
525 2544 713 2629 sapientem.
762 2543 844 2607 Mihi
874 2564 971 2627 porro
994 2564 1060 2607 non

62 2633 116 2698 tam
139 2638 268 2699 certum
291 2637 341 2697 est
367 2654 436 2698 esse
460 2633 593 2717 aliquid,
621 2633 705 2717 quod
733 2632 918 2716 comprendi
945 2630 1060 2715 possit,

63 2719 175 2807 dequo
199 2722 267 2786 iarn
289 2720 426 2785 nimium
449 2721 547 2786 etiam
570 2721 623 2785 diu
647 2722 791 2804 disputo,
814 2743 911 2806 quam
934 2720 1060 2804 sapien-

62 2810 114 2875 tem
135 2810 224 2874 nihil
247 2809 387 2893 opinari,
414 2809 447 2873 id
474 2813 525 2874 est
550 2831 726 2893 numquam
755 2809 911 2873 adsentiri
933 2810 979 2873 rei
1009 2810 1060 2873 vel

40 2894 149 2964 alalsae
173 2899 227 2964 vel
249 2897 442 2983 incognitae.
486 2897 601 2963 Restat
623 2898 717 2980 illud,
740 2897 826 2983 quod
848 2898 971 2979 dicunt,
994 2899 1060 2962 veri
1080 2911 1114 2960 ao

64 2983 238 3052 inveniundi
274 3007 372 3051 eausa
398 2989 511 3053 contra
539 2987 649 3052 omnia
672 2987 735 3050 dici
763 2990 910 3071 oportere
938 2992 970 3051 et
1001 3010 1059 3069 pro

65 3077 228 3147 omnibus„
262 3074 347 3139 Volo
373 3073 476 3158 igitur
497 3075 619 3158 videre,
647 3075 724 3159 quid
748 3074 937 3140 invenerint.
982 3075 1061 3140 Non

65 3162 205 3247 solemne,
232 3163 350 3247 inquit,
374 3163 550 3228 ostendere.
573 3200 615 3210 -
639 3163 727 3240 Quae
748 3167 824 3228 sunt
845 3163 975 3228 tandem
997 3162 1061 3226 ista

66 3251 231 3333 mysteria?
260 3255 317 3315 aut
344 3273 401 3316 cur
427 3253 551 3334 celatis,
581 3252 673 3336 quasi
700 3255 794 3336 turpe
822 3250 956 3334 aliquid,
990 3271 1060 3314 sen·

10 3384 15 3413 :
46 3337 189 3405 atentiam
212 3339 378 3405 vestram?
403 3376 445 3386 -
468 3339 528 3424 Ut,
550 3341 605 3424 qui
627 3341 769 3422 audient,
793 3340 911 3423 inquit,
935 3336 1060 3401 ratione

69 3429 160 3504 potius
183 3451 284 3513 quam
302 3429 494 3493 auctoritate
513 3429 678 3493 ducantur.
702 3464 744 3475 —
769 3426 869 3510 Quid,
890 3425 921 3489 si
936 3428 1064 3490 utrum-

71 3517 135 3592 que?
157 3540 237 3582 num
255 3517 446 3600 peius-est?
491 3516 596 3587 Unum
621 3521 735 3588 tamen
757 3517 843 3587 illud
863 3538 937 3584 non
960 3514 1091 3599 selant,
