2346 3876
321 184 388 238 ula.
407 186 453 241 lv.
482 185 559 240 car.
580 190 665 240 1-4.
694 191 815 251 11-1.
1003 185 1069 250 393

58 346 181 410 missos
214 367 283 410 esse
314 346 456 430 legatos,
492 348 548 431 qui
579 370 652 412 cum
683 348 730 411 rei
764 347 912 431 publicae
944 349 1069 413 nullam

59 455 215 518 umquam
254 438 381 518 partem
423 436 610 519 attigissent
653 439 799 518 essetque
842 457 950 499 eorum
988 437 1071 501 alter

60 519 258 606 Cyrenaeus,
278 523 361 586 alter
374 522 583 606 Babylonius,
602 545 775 608 numquam
789 523 934 607 profecto
949 523 1069 588 scholis

61 612 171 674 essent
198 609 330 674 excitati
356 632 459 694 neque
487 612 527 675 ad
555 612 634 675 illud
662 634 777 685 munus
807 611 914 694 electi,
944 610 1008 675 nisi
1035 612 1069 675 in

28 720 48 761 5
61 697 256 783 quibusdam
274 699 474 782 principibus
492 699 693 783 temporibus
714 699 778 763 illis
801 699 941 763 fuissent
963 699 1071 763 studia

61 785 236 850 doctrinae.
273 785 427 861 Quicum
449 791 556 851 cetera
577 787 697 851 litteris
717 786 920 869 mandarent,
942 787 997 850 alii
1019 787 1069 850 ius

61 873 170 956 civile,
200 873 257 937 alii
285 874 447 939 orationes
476 897 565 957 suas,
593 876 649 938 alii
671 879 880 939 monumenta
901 875 1070 957 maiorum,

61 961 146 1026 hanc
166 962 401 1044 amplissimam
421 963 565 1027 omniurn
583 963 711 1046 artium,
731 962 813 1026 bene
831 962 960 1026 vivendi
977 961 1069 1026 disci-

62 1049 202 1132 plinam,
224 1050 293 1113 vita
315 1051 420 1134 magis
443 1072 541 1134 quam
563 1050 680 1115 litteris
704 1051 863 1134 persecuti
885 1054 968 1114 sunt.
1004 1049 1106 1114 Ι11-6

11 1159 50 1201 ro
63 1159 123 1221 que
146 1137 235 1201 illius
254 1159 348 1202 verae
367 1138 587 1222 elegantisque
605 1137 846 1222 philosophiae,
869 1160 951 1222 quae
975 1138 1070 1202 ducta

62 1247 82 1290 a
114 1223 248 1289 Socrate
275 1227 310 1289 in
337 1225 562 1309 Peripateticis
591 1227 694 1291 adhuc
720 1227 898 1310 permansit
925 1229 958 1290 et
985 1226 1070 1290 idem

62 1312 127 1378 alio
156 1313 252 1378 modo
280 1313 462 1377 dicentibus
491 1313 621 1397 Stoicis,
648 1337 721 1378 cum
748 1314 934 1379 Academici
961 1336 1070 1378 eorum
1121 1320 1124 1324 ’

61 1402 300 1466 controversias
323 1401 554 1486 disceptarent,
581 1402 671 1466 nulla
697 1402 764 1466 fere
791 1406 867 1466 sunt
890 1407 946 1465 aut
967 1424 1071 1486 pauca

62 1487 236 1553 admodum
267 1487 385 1553 Latina
402 1492 624 1553 *monumenta
654 1490 720 1553 1111
750 1493 883 1572 propter
909 1490 1070 1574 magnitu-

18 1601 48 1640 :s
62 1575 172 1640 dinem
199 1597 307 1641 rerum
335 1579 640 1661 occupationemque
667 1577 849 1660 hominum,
878 1579 945 1641 1111
973 1578 1070 1641 etiam

62 1664 149 1748 quod
176 1664 335 1747 imperitis
363 1686 401 1729 ea
432 1666 563 1749 probari
595 1686 691 1749 posse
722 1686 787 1729 non
820 1664 1070 1747 arbitrabantur,

61 1774 135 1816 cum
152 1750 285 1817 interim
302 1753 368 1816 illis
387 1753 557 1817 silentibus
576 1751 611 1818 0.
625 1753 808 1816 Amafinius
827 1753 934 1816 extitit
952 1752 1070 1834 dicens

61 1839 151 1904 cuius
179 1839 271 1904 libris
299 1840 394 1904 editis
423 1845 585 1905 commota
612 1839 785 1905 multitudo
811 1841 949 1905 contulit
972 1861 1006 1903 se
1030 1841 1070 1904 ad

62 1949 134 1992 eam
161 1928 369 2010 potissimum
397 1928 615 2012 disciplinam,
643 1929 711 1993 1111
738 1928 822 2010 quod
846 1933 917 1992 erat
940 1929 1071 2012 cognitu

25 2039 49 2080 11
61 2015 240 2099 perfacilis,
267 2015 336 2079 sive
364 2017 448 2099 quod
480 2017 704 2082 invitabantur
737 2016 907 2081 inlecebris
942 2016 1070 2080 blandis

62 2103 249 2188 voluptatis,
269 2103 336 2168 sive
356 2104 465 2187 etiam,
482 2105 559 2188 quia
576 2103 657 2169 nihil
677 2107 746 2170 erat
763 2105 925 2189 prolatum
946 2105 1070 2188 melius,

60 2190 157 2274 illud,
184 2191 270 2275 quod
299 2195 381 2275 erat,
408 2193 572 2257 tenebant.
626 2193 706 2257 Post
736 2191 933 2257 Amafinium
963 2197 1105 2256 autem?

60 2279 157 2343 multi
181 2279 323 2343 eiusdem
347 2280 466 2344 aemuli
488 2281 623 2345 rationis
643 2281 747 2345 multa
765 2302 837 2344 cum
859 2281 1071 2364 scripsissent,

60 2366 191 2432 Italiam
211 2370 315 2432 totam
335 2371 582 2451 occupaverunt,
606 2367 751 2451 quodque
772 2390 958 2432 maxumum
977 2388 1070 2452 argu·

26 2479 48 2518 11
61 2458 207 2520 mentum
226 2459 358 2520 estnon
377 2455 440 2520 dici
458 2456 517 2520 illa
535 2455 711 2538 subtiliter,
734 2455 818 2539 quod
837 2458 869 2518 et
887 2461 956 2519 tam
974 2455 1070 2519 facile

61 2541 245 2606 ediscantur
267 2547 300 2607 et
323 2543 363 2607 ab
386 2543 524 2608 indoctis
547 2543 737 2627 probentur,
765 2543 797 2606 id
820 2543 868 2606 illi
890 2543 1070 2607 firmamen-

60 2634 132 2693 tum
156 2651 225 2694 esse
249 2630 439 2714 disciplinae
461 2634 586 2715 putant.

129 2716 192 2782 Sed
206 2718 365 2801 defendat,
380 2719 465 2804 quod
479 2720 612 2803 quisque
628 2719 739 2801 sentit;
759 2722 833 2782 sunt
848 2719 934 2782 enim
953 2719 1070 2782 iudicia
1088 2719 1110 2780 4

61 2805 177 2889 libera3
201 2827 260 2871 nos
279 2806 466 2871 institutum
484 2807 665 2871 tenebimus
684 2807 845 2890 nullisque
863 2807 957 2870 unius
978 2806 1070 2871 disci-

28 2893 171 2975 uplinae
195 2893 321 2976 legibus
346 2894 505 2977 adstricti,
533 2894 650 2978 quibus
673 2894 708 2957 in
733 2894 942 2978 philosophia
964 2915 1071 2960 neces-

10 3051 15 3061 ,
62 2982 149 3045 sario
177 3001 362 3064 pareamus,
391 2982 468 3065 quid
496 2983 539 3046 sit
566 2982 601 3046 in
624 3003 749 3065 quaque
775 3005 811 3047 re
838 2982 975 3045 maxime
999 3005 1071 3065 pro·

60 3068 183 3150 babile,
211 3090 337 3151 semper
363 3070 570 3152 requiremus.
620 3069 711 3144 Quod
744 3093 816 3135 cum
849 3092 945 3153 saepe
979 3071 1084 3155 alias,-

60 3161 131 3221 tum
154 3177 257 3239 nuper
279 3157 313 3220 in
336 3155 519 3221 Tusculano
544 3156 687 3223 studiose
710 3159 844 3242 egimus.
883 3157 998 3241 ltaque
1020 3179 1072 3222 ex·

59 3244 177 3327 positis
205 3243 303 3308 tridui
332 3244 604 3328 disputationibus
633 3249 765 3329 quartus
797 3246 865 3310 dies
893 3246 955 3309 hoc
986 3245 1070 3310 libro

26 3349 48 3393 11
61 3330 272 3397 concluditur.
325 3331 372 3403 Ut
403 3333 489 3396 enim
520 3333 555 3397 in
591 3333 778 3397 inferiorem
814 3331 1070 3399 ambulationem
1095 3341 1104 3351 “

59 3417 290 3503 descendimus
309 3419 394 3502 quod
411 3419 590 3486 feceramus
608 3420 694 3485 idem
709 3419 926 3504 superioribus
946 3417 1069 3502 diebus,

58 3510 133 3572 acta
156 3529 208 3571 res
232 3510 282 3572 est
306 3507 367 3572 sic:
