2346 3876
283 175 350 229 LIB.
368 174 402 229 V.
431 172 507 230 GAP.
527 179 649 228 23-25.
678 178 694 239 ξ
713 178 833 230 64-70.
993 172 1062 236 449

52 336 236 419 ostendere,
263 336 471 419 proponenda
498 335 654 419 quaedam
676 334 769 418 quasi
791 334 954 399 moventia
976 337 1061 418 sunt,

52 445 136 508 quae
153 446 213 489 nos
233 424 336 508 magis
356 424 397 488 ad
415 423 630 507 cognitionem
649 422 967 507 intellegentiamque
985 444 1060 488 con-

50 515 187 575 vertant.
234 510 385 575 Sumatur
412 511 497 575 enim
524 511 618 576 nobis
650 509 781 594 quidam
808 513 978 593 praestans
1010 511 1061 575 vir

51 600 195 681 optumis
220 600 357 679 artibus,
380 599 470 682 isque
489 599 597 662 animo
620 618 792 681 parumper
810 601 843 662 et
863 598 1060 681 cogitatione

34 687 203 770 ‚fingatur
260 685 407 749 Primum
442 686 573 770 ingenio
606 685 722 750 eximio
759 685 803 748 sit
832 707 961 750 necesse
998 689 1059 770 est3

50 775 156 839 tardis
189 774 275 838 enirn
307 774 469 837 mentibus
500 774 603 837 virtus
640 794 706 837 non
741 772 837 836 facile
874 773 1060 854 comitatum

52 862 167 926 deinde
201 862 241 925 ad
279 860 537 946 investigandam
570 861 738 925 veritatem
776 861 879 925 studio
915 861 1060 926 incitato.

50 950 104 1016 Ex
124 971 186 1032 quo
205 949 324 1031 triplex
341 949 397 1012 ille
416 949 516 1012 animi
538 947 622 1012 fetus
641 948 769 1030 existet,
792 970 875 1013 unus
897 948 933 1013 in
952 949 1060 1032 cogni·

51 1038 142 1103 tione
169 1059 275 1100 rerum
301 1036 427 1119 positus
451 1039 484 1099 et
509 1036 543 1100 in
567 1035 780 1118 explicatione
802 1039 950 1120 naturae,
978 1038 1061 1100 alter

34 1127 88 1190 ‚in
118 1124 323 1206 discriptione
356 1123 603 1206 expetendarum
634 1123 921 1208 fugiendarumque
953 1145 1062 1188 rerum

50 1218 83 1278 et
103 1214 139 1277 in
156 1215 276 1277 ratione
293 1211 435 1294 vivendi,
457 1211 573 1276 tertius
590 1211 625 1275 in
647 1209 830 1295 iudicando,
854 1211 930 1296 quid
948 1212 1061 1294 cuique

51 1301 102 1364 rei
121 1300 165 1364 sit
183 1321 388 1384 consequens,
406 1298 482 1382 quid
500 1319 692 1382 repugnans,
715 1299 750 1363 in
768 1321 832 1382 quo
853 1300 938 1364 inest
956 1300 1060 1365 omnis

52 1409 128 1452 cum
147 1387 308 1452 subtilitas
332 1386 520 1468 disserendi,
543 1389 612 1450 tum
631 1387 750 1450 veritas
773 1387 945 1450 iudicandi.
991 1385 1060 1463 Quo
1079 1399 1115 1450 69

52 1475 185 1540 tandem
207 1475 309 1559 igitur
330 1475 447 1558 gaudio
472 1473 566 1539 adfici
588 1495 717 1538 necesse
741 1477 791 1537 est
815 1474 970 1557 sapientis
994 1475 1062 1538 ani-

34 1584 143 1627 .mum
167 1584 238 1626 cum
262 1562 313 1625 his
340 1562 543 1626 habitantem
568 1564 873 1646 pernoctantemque
901 1562 998 1626 curis!
1026 1566 1062 1626 ut

53 1672 127 1715 cum
153 1650 254 1714 totius
278 1649 388 1714 mundi
415 1652 522 1713 motus
550 1649 837 1732 conversionesque
862 1650 1062 1733 perspexerit

52 1738 223 1820 sideraque
241 1737 359 1801 viderit
379 1736 630 1801 innumerabilia
651 1737 739 1801 caclo
762 1736 966 1802 inhaerentia
989 1758 1061 1802 cum

53 1827 123 1890 eius
142 1825 244 1907 ipsius
259 1827 349 1889 motu
363 1824 648 1909 congruere'certis
667 1823 766 1888 infixa
780 1824 920 1907 sedibus,
939 1826 1061 1909 septem

53 1913 120 1977 alia
143 1934 218 1976 suos
242 1926 384 1996 quaeque
411 1915 519 1976 tenere
543 1932 652 1976 cursus
676 1911 814 1976 multum
841 1911 926 1976 inter
948 1933 982 1976 se
1005 1916 1062 1977 aut

34 2031 38 2063 ι
54 2000 226 2064 altitudine
246 2002 302 2063 aut
319 1999 503 2064 humilitate
522 1998 687 2081 distantia,
705 2020 841 2083 quorum
859 2000 935 2084 vagi
952 2002 1060 2065 motus

52 2091 127 2152 rata
144 2091 254 2150 tamen
272 2089 305 2151 et
319 2091 407 2151 certa
424 2087 474 2150 sui
488 2108 599 2152 cursus
619 2086 725 2169 spatia
742 2086 904 2151 definiant.
935 2086 1061 2152 Horum

52 2175 206 2238 nimirum
234 2177 382 2257 aspectus
410 2174 539 2256 impulit
569 2174 644 2238 illos
671 2176 796 2238 veteres
824 2178 857 2238 et
888 2175 1062 2259 admonuit,

52 2265 92 2327 ut
109 2262 203 2344 plura
222 2258 435 2344 quaererent(
450 2261 528 2325 Inde
545 2263 598 2324 est
613 2260 779 2345 indagatio
797 2265 876 2326 nata
893 2263 1061 2328 initiorum

53 2353 87 2413 ct
109 2354 276 2432 tamquam
299 2349 470 2430 seminum,
492 2347 576 2411 unde
597 2351 706 2413 essent
729 2349 837 2414 omnia
860 2353 944 2432 orta,
967 2370 1061 2434 gene-

34 2440 138 2520 vrata,
164 2439 324 2519 concreta,
352 2456 495 2519 quaeque
518 2435 671 2519 cuiusque
694 2436 821 2519 generis
845 2437 896 2500 vel
925 2437 1062 2502 inanimi

53 2525 107 2588 vel
125 2524 300 2588 animantis
322 2524 375 2588 vel
393 2524 475 2588 muti
497 2522 549 2586 vel
570 2523 733 2607 loquentis
756 2524 861 2606 origo,
883 2545 965 2606 quae
983 2525 1060 2607 vita,

53 2612 109 2696 qui
128 2611 276 2676 interitus
295 2632 438 2694 quaeque
457 2632 495 2675 ex
514 2610 579 2675 alio
597 2610 631 2674 in
649 2610 736 2674 aliud
755 2611 944 2676 vicissitudo
964 2615 1062 2695 atque

53 2700 205 2783 mutatio,
241 2698 325 2762 uude
360 2703 448 2763 terra
483 2703 516 2763 et
554 2697 671 2783 quibus
702 2697 838 2785 librata,
856 2698 1062 2783 ponderibus,

54 2787 170 2870 quibus
194 2787 338 2850 cavernis
362 2787 465 2850 maria
484 2787 717 2869 sustineantur,
740 2785 931 2868 quaomnia
953 2786 1061 2852 delata

34 2875 215 2959 ›gravitate
238 2873 379 2938 medium
402 2873 512 2938 mundi
533 2874 640 2938 locum
664 2894 791 2956 semper
813 2877 978 2959 expetant,
1005 2874 1061 2959 qui

54 2965 105 3026 est
126 2961 212 3025 idem
234 2962 363 3026 infimus
389 2961 423 3027 in
446 2961 593 3026 rotundo.

119 3047 209 3113 Haec
235 3049 392 3114 tractanti
420 3049 527 3113 animo
554 3051 587 3112 et
612 3051 723 3113 noctes
747 3051 780 3112 et
806 3049 873 3114 dies
902 3049 1061 3134 cogitanti
1070 3019 1115 3146 ἕξ

52 3136 164 3202 existit
185 3136 242 3201 illa
264 3156 286 3200 a
309 3137 367 3200 deo
390 3135 527 3219 Delphis
550 3140 722 3219 praecepta
745 3137 900 3221 cognitio,
928 3141 966 3203 ut
987 3139 1061 3221 ipsa

53 3244 88 3288 se
116 3245 205 3287 mens
233 3227 388 3308 agnoscat
415 3224 683 3308 coniunctamque
715 3245 788 3288 cum
816 3224 925 3289 divina
953 3228 1061 3290 mente

34 3353 36 3371 .
53 3333 87 3375 se
107 3312 238 3393 sentiat,
262 3333 300 3374 ex
319 3332 382 3394 quo
400 3311 581 3375 insatiabili
603 3311 721 3395 gaudio
741 3312 948 3395 compleatur.
984 3313 1062 3396 Ipsa

52 3398 140 3463 enim
167 3399 322 3483 cogitatio
350 3398 389 3462 de
416 3398 449 3462 vi
476 3401 509 3461 et
534 3401 649 3462 natura
681 3398 813 3462 deorum
841 3399 983 3464 studium
1013 3399 1061 3464 in-

52 3487 161 3551 cendit
183 3487 269 3551 illius
295 3486 518 3552 aeternitatem
540 3485 689 3550 imitandi
714 3507 818 3570 neque
843 3509 877 3552 se
900 3487 936 3552 in
957 3487 1062 3550 brevi·

106 3597 159 3639 οπο,
171 3599 211 3641 1v.
234 3600 254 3639 1.
539 3599 540 3602 ¹
820 3593 861 3640 uu
