2346 3876
312 110 380 166 LIB.
399 111 433 166 v.
462 109 538 164 oAP.
558 115 679 165 ar-ao.
713 113 869 174 §re-sa
1029 106 1095 170 453

85 270 286 336 formident?
323 270 460 355 Omitto,
483 293 564 355 quae
586 269 749 355 perferant
768 289 911 352 quaeque
929 269 1096 352 patiantur

87 359 255 424 ambitiosi
278 359 410 424 honoris
429 381 539 443 causa,
560 359 665 423 laudis
686 357 821 422 studiosi
839 355 962 440 gloriae
981 357 1096 440 gratia,

87 468 197 512 amore
220 448 343 511 incensi
362 447 556 531 cupiditatis.
593 446 694 510 Plena
711 446 780 510 vita
800 445 1020 527 exemplorum
1039 447 1126 554 est.2

157 532 219 598 Sed
247 535 400 599 adhibeat
423 535 526 600 oratio
549 533 681 599 modum
704 537 737 598 et
758 532 869 596 redeat
894 532 984 616 illuc,
1012 532 1096 596 unde
1110 567 1144 618 80

60 622 228 687 edeflexit.
278 621 390 705 Dabit,
417 623 563 705 inquam,
591 643 624 686 se
651 622 686 687 in
713 622 874 685 tormenta
900 621 969 684 vita
999 620 1096 685 beate

89 731 150 774 nec
169 710 338 793 iustitiam,
356 711 605 794 temperantiam
623 711 658 772 in
675 707 850 793 primisque
865 706 1097 787 fortitudinem,

90 784 349 881 magnitudinem
377 799 489 881 animi,
515 797 707 881 patientiam
728 798 912 879 prosecuta,
937 817 1010 860 cum
1031 799 1097 860 tor·

89 886 171 949 toris
199 907 235 949 os
263 886 391 968 viderit,
422 886 577 951 consistet
598 883 834 968 virtutibusque
857 884 1005 948 omnibus
1029 883 1097 948 sine

89 973 158 1037 ullo
174 974 274 1037 animi
291 977 413 1038 terrore
432 973 473 1037 ed
492 973 667 1037 emciatum
685 971 838 1055 profectis
858 972 989 1035 resistet
1007 975 1098 1037 extra

45 1083 74 1125 ιο
89 1060 191 1144 fores,
213 1064 250 1124 ut
273 1065 347 1125 ante
370 1061 449 1143 dixi,
471 1061 631 1145 limenque
655 1059 801 1124 carceris.
843 1059 928 1135 Quid
951 1060 1036 1124 enim
1059 1080 1097 1123 ea

89 1148 223 1232 foedius,
243 1148 319 1230 quid
333 1147 507 1216 deformius
522 1149 593 1212 sola
607 1146 728 1231 relicta,
746 1167 768 1211 a
781 1148 938 1213 comitatu
952 1147 1097 1231 pulcher·

89 1236 173 1300 rimo
200 1235 393 1320 segregata?
416 1236 502 1320 quod
524 1240 635 1300 tamen
657 1235 728 1299 fieri
745 1234 834 1300 nullo
857 1238 953 1318 pacto
976 1237 1097 1319 potest3

89 1344 151 1387 nec
177 1323 263 1387 enim
290 1324 426 1388 virtutes
455 1324 523 1388 sine
550 1324 647 1388 beata
673 1323 742 1387 vita
764 1321 934 1388 cohaerere
960 1326 1097 1405 possunt

90 1432 149 1475 nec
172 1410 231 1475 illa
253 1397 323 1476 sine
344 1411 528 1482 virtutibus.
572 1410 685 1495 Itaque
708 1431 779 1474 eam
804 1410 1011 1493 tergiversari
1031 1421 1146 1475 nonar

48 1521 75 1562 15
91 1500 198 1563 sinent
227 1520 396 1584 secumque
426 1500 568 1583 rapient,
597 1498 638 1563 ad
668 1518 896 1581 quemcumque
923 1498 1012 1581 ipsae
1042 1498 1096 1562 do·

90 1588 191 1651 lorem
210 1588 448 1670 cruciatumque
466 1588 629 1652 ducentur.
665 1583 828 1669 Sapientis
850 1589 898 1650 est
917 1585 1002 1649 enim
1024 1607 1097 1669 pro·

90 1675 197 1758 prium
224 1674 321 1758 nihil,
347 1675 433 1758 quod
459 1675 622 1759 paenitere
650 1673 768 1758 possit,
793 1672 913 1756 facere,
940 1673 1021 1738 nihil
1050 1673 1098 1737 in·

90 1763 207 1845 vitum,
230 1762 405 1846 splendide,
428 1765 628 1846 constanter,
650 1761 805 1846 graviter,
827 1760 961 1826 honeste
981 1761 1098 1843 omnia,

90 1849 173 1915 nihil
200 1850 248 1914 ita
275 1853 459 1933 exspectare
487 1849 580 1935 quasi
608 1852 695 1914 certo
722 1848 880 1933 futurum,
902 1848 997 1932 nihil,
1025 1869 1098 1913 oum

49 1959 77 2001 ro
92 1937 256 2021 acciderit,
280 1937 446 2020 admirari,
469 1942 506 2002 ut
524 1938 728 2022 inopinatum
747 1957 784 2002 ac
802 1958 921 2001 novum
945 1936 1098 2001 accidisse

91 2025 252 2109 videatur,
275 2027 385 2090 omnia
404 2026 444 2091 ad
463 2013 556 2091 suuin
575 2025 744 2091 arbitrium
767 2024 900 2108 referre,
923 2025 990 2089 suis
1012 2028 1098 2089 stare

91 2113 226 2177 iudiciis.
269 2111 339 2189 Quo
361 2110 503 2198 quid‘sit
525 2113 666 2202 beatius,
689 2113 770 2177 mihi
793 2116 878 2178 certe
901 2113 936 2177 in
957 2115 1097 2177 mentem

91 2201 199 2265 venire
217 2222 284 2264 non
306 2205 423 2285 potest.
459 2199 640 2267 Stoicorum
660 2201 789 2285 quidem
810 2200 915 2266 facilis
934 2200 1097 2265 conclusio
1115 2211 1149 2262 aa

92 2292 154 2370 est3
177 2290 232 2371 qui
254 2310 327 2352 oum
349 2289 447 2353 finem
469 2290 628 2354 bonorum
650 2309 720 2352 esse
743 2289 902 2352 senserint
924 2307 1099 2372 congruere

49 2397 77 2438 25
91 2379 226 2440 naturae
245 2398 379 2460 cumque
398 2398 437 2442 ea
455 2377 682 2442 convenienter
703 2376 825 2459 vivere,
847 2396 920 2439 cum
943 2375 976 2439 id
999 2376 1042 2439 sit
1063 2376 1099 2441 in

92 2463 248 2546 sapientis
283 2465 380 2529 situm
405 2486 472 2530 non
500 2465 605 2531 officio
633 2464 753 2547 solum,
782 2463 1019 2528 verumetiam
1042 2484 1098 2547 po·

90 2554 224 2635 testate,
252 2556 404 2636 sequatur
430 2574 560 2618 necesse
588 2556 650 2637 est,
677 2554 736 2630 ut„
758 2551 847 2616 cuius
873 2551 909 2615 in
938 2553 1098 2634 potestate

92 2661 251 2703 summum
269 2641 411 2741 honum,
438 2641 473 2706 in
500 2641 641 2742 eiusdem
668 2641 737 2705 vita
765 2639 864 2745 beata
891 2639 942 2703 sit.
986 2637 1043 2740 lta
1060 2639 1099 2703 fit

49 2836 77 2877 u
92 2729 437 2880 ttffittdttdtt
449 2733 629 2901 sereth
651 2726 1098 2902 qttbttttttttttt

92 2902 168 2985 quid
190 2906 227 2967 tu
250 2903 365 2968 melius
389 2904 549 2988 attuleris,
573 2905 672 2970 etiam
694 2903 868 2968 verissime.

156 2991 198 3056 A.
225 2989 342 3055 Melius
361 2990 506 3075 equidem
526 2991 650 3056 adferre
670 2991 753 3056 nihil
776 3013 921 3075 possum,
945 2989 1000 3055 sed
1024 3012 1044 3055 1
1064 2985 1150 3055 aaa

90 3078 291 3161 impetrarim
318 3078 479 3162 lubenter,
505 3083 556 3162 ut,
582 3081 647 3144 nisi
668 3080 842 3144 molestum
864 3080 920 3162 eit,
947 3077 1100 3162 quoniam

90 3169 123 3229 te
155 3166 245 3230 nulla
277 3165 406 3230 vincula
435 3166 615 3250 impediunt
643 3167 741 3232 ullius
773 3170 879 3232 certae
911 3166 1099 3250 disciplinae
1162 3158 1171 3171 '¹

48 3274 76 3317 ae
90 3253 236 3336 libasque
264 3274 303 3317 ex
330 3254 492 3338 omnibus,
520 3255 740 3339 quodcumque
768 3259 801 3320 te
828 3253 967 3318 maxime
993 3253 1098 3336 specie

89 3340 238 3404 veritatis
277 3344 398 3425 movet,
429 3377 473 3388 -·-
503 3343 589 3426 quod
619 3342 716 3426 paulo
754 3345 827 3407 ante
863 3341 1097 3424 Peripateticos

90 3432 293 3511 veteremque
321 3428 528 3494 Academiam
555 3430 679 3494 hortari
706 3430 874 3514 videbare,
900 3433 939 3493 ut
960 3430 1031 3492 sine
1049 3450 1100 3489 re-
