2346 3876
116 174 158 239 36
386 172 678 227 ACADEMICORUM
694 172 863 229 PRIORUM

116 337 196 420 dixi,
222 335 359 400 verbum
386 357 403 400 e
432 337 532 401 verbo
556 335 770 418 exprimentes
794 337 1124 419 comprensionem

116 425 272 508 dicemus,
299 445 372 488 oum
398 425 502 507 ipsam
529 445 588 507 per
615 445 649 487 se
673 427 762 487 amat
788 421 886 508 (nihil
914 425 1002 488 enim
1026 429 1076 491 est
1096 428 1124 490 ei

116 513 262 578 veritatis
279 513 351 578 luce
370 511 518 596 dulcius),
536 516 607 576 tum
626 512 725 576 etiam
747 515 880 597 propter
903 535 1008 578 usum.
1045 514 1125 591 Quo-

116 602 201 666 circa
228 606 261 666 et
288 602 436 666 sensibus
463 600 564 664 utitur
591 604 624 664 et
651 604 737 664 artes
765 599 866 664 efficit
892 603 985 686 quasi
1017 625 1125 668 sensus

116 691 234 756 alteros
267 692 300 754 et
326 711 429 775 usque
456 711 494 753 eo
524 688 766 773 philosophiam
793 689 901 771 ipsam
928 692 1146 775 corroborate

115 783 152 843 ut
180 779 334 843 virtutem
364 777 497 860 efficiat,
524 799 563 841 ex
591 799 654 861 qua
676 799 712 842 re
734 798 799 841 una
828 777 897 842 vita
919 780 1028 845 omnis
1051 785 1126 864 apta

116 872 174 932 est.
218 867 307 951 Ergo
330 867 368 950 ii,
398 867 452 951 qui
474 870 595 950 negant
620 865 790 950 quicquam
812 887 907 950 posse
931 869 1125 952 comprendi,

115 956 196 1020 haec
214 956 286 1039 ipsa
304 955 445 1038 eripiunt
458 955 510 1018 rel
524 956 740 1019 instrumenta
755 953 806 1017 vel
820 960 1014 1021 ornamenta
1032 958 1126 1040 vitae,

114 1045 166 1107 vel
188 1043 296 1126 potius
315 1044 414 1108 etiam
431 1045 536 1108 totam
555 1042 658 1106 vitam
677 1045 827 1106 evertunt
843 1042 990 1109 funditus
1010 1046 1125 1130 ipsum-

116 1154 177 1216 que
196 1131 315 1196 animal
335 1131 454 1197 orbant
471 1130 593 1215 animo,
616 1133 654 1194 ut
671 1131 802 1195 difficile
821 1131 865 1194 sit
885 1130 924 1195 de
942 1135 1156 1200 temeritates

115 1241 242 1300 eorum,
264 1219 395 1303 perinde
418 1221 455 1282 ut
478 1241 573 1283 causa
594 1220 753 1303 postulat,
776 1218 889 1284 dicere.

63 1321 96 1370 32
181 1307 251 1372 Neo
268 1329 342 1372 uero
361 1308 444 1371 satis
463 1308 658 1372 const‘tuere
676 1329 822 1390 possum,
845 1309 931 1392 quod
953 1311 998 1374 sit
1018 1332 1125 1375 eorum

116 1397 299 1479 consilium,
326 1399 384 1461 aut
406 1395 484 1480 quid
505 1396 614 1460 velint.
666 1395 832 1459 Interdum
860 1398 948 1462 enim
977 1419 1052 1463 cum
1075 1399 1126 1464 ad·

115 1485 263 1550 hibemus
297 1485 337 1547 ad
368 1506 423 1549 eos
457 1483 636 1548 orationem
668 1484 737 1548 eius
768 1483 869 1568 modi,
901 1485 931 1549 si
962 1508 1015 1565 ea,
1047 1507 1125 1571 quae

115 1573 327 1658 disputentur,
345 1595 423 1638 vera
441 1571 517 1656 sint,
534 1576 604 1637 tum
623 1574 732 1636 omnia
752 1572 821 1636 fore
840 1573 974 1657 ineerta,
996 1597 1125 1659 respon·
1137 1598 1158 1642 n

115 1664 204 1726 dent:
241 1660 338 1737 ‘Quid
371 1681 447 1746 ergo
482 1660 570 1725 istud
598 1661 638 1724 ad
670 1660 752 1724 nos?
782 1682 861 1725 num
889 1666 1004 1727 nostra
1034 1665 1126 1748 culpa

115 1749 186 1814 est?
214 1753 365 1815 naturam
388 1771 518 1830 accusa,
542 1769 624 1832 quae
646 1748 681 1812 in
703 1747 864 1831 profundo
887 1751 1070 1836 veritatem,
1091 1756 1127 1816 ut

115 1839 162 1902 ait
183 1837 404 1919 Democritus,
426 1836 554 1919 penitus
578 1835 789 1900 abstruserit?
834 1837 904 1902 Alii
926 1842 1038 1904 autem
1066 1841 1125 1905 ele-

114 1926 259 2012 gantius,
286 1925 341 2009 qui
368 1925 468 1989 etiam
495 1927 684 2008 queruntur,
711 1924 796 2008 quod
820 1946 874 1991 eos
904 1927 1126 1994 insimulemus

115 2015 225 2079 omnia
252 2015 377 2078 ineerta
404 2013 521 2096 dicero,
554 2015 771 2097 quantumque
803 2014 935 2078 intersit
965 2016 1054 2080 inter
1081 2018 1161 2084 in-ss

115 2106 238 2167 certum
256 2106 289 2166 et
307 2101 353 2185 id,
371 2102 456 2185 quod
474 2101 597 2185 percipi
614 2123 681 2166 non
698 2101 811 2184 possit,
837 2102 952 2168 docere
970 2109 1127 2170 conantur

114 2211 214 2274 eaque
238 2189 445 2274 distinguere.
491 2187 573 2254 Cum
594 2189 647 2253 his
669 2189 771 2274 igitur
794 2210 942 2275 agamus,
970 2194 1027 2277 qui
1048 2194 1127 2258 haee

114 2279 331 2363 distinguunt,
358 2277 446 2361 illos,
477 2278 532 2361 qui
559 2277 669 2361 onmia
696 2278 742 2342 sic
773 2279 898 2344 incerta
930 2280 1055 2366 dicunt,
1082 2285 1127 2365 ut,

115 2366 283 2435 stellarum
300 2389 452 2430 numerus
475 2388 536 2451 par
554 2387 596 2430 an
618 2366 725 2449 impar
747 2367 800 2449 sit,
823 2367 917 2451 quasi
939 2368 1126 2453 desperatos

115 2455 240 2540 aliquos
272 2455 501 2539 relinquamus.
555 2453 681 2518 Volunt
712 2455 798 2518 enim
830 2454 879 2539 (et
904 2456 967 2522 hoo
996 2459 1161 2542 quidemn

114 2545 165 2608 vel
198 2543 336 2609 maxime
368 2566 426 2609 ros
459 2542 753 2607 animadvertebam
786 2542 923 2630 moveri)
955 2547 1127 2629 probabile

115 2632 235 2717 aliquid
259 2655 330 2697 esse
353 2636 386 2696 et
408 2631 501 2716 quasi
523 2631 595 2720 reri
616 2631 736 2714 simile,
762 2653 860 2716 eaque
885 2655 919 2697 se
941 2634 992 2698 uti
1015 2637 1128 2720 regula

115 2726 148 2786 et
170 2721 204 2792 iu
229 2720 353 2806 agenda
374 2719 444 2783 vita
467 2722 500 2783 et
523 2719 558 2781 in
580 2720 760 2803 quaerendo
784 2742 822 2784 ao
844 2721 1039 2788 disserendo.

62 2783 103 2905 id
182 2808 271 2883 Quae
298 2809 363 2872 ista
390 2807 503 2892 regula
530 2811 580 2871 est
608 2808 689 2888 [veri
716 2811 749 2871 et
775 2807 880 2892 falsi],
911 2810 939 2873 si
961 2812 1127 2877 notionem

114 2896 184 2960 reri
211 2902 244 2961 et
270 2896 359 2979 falsi,
390 2899 561 2978 propterea
590 2895 675 2979 quod
703 2917 741 2960 ea
767 2918 833 2960 non
862 2903 1002 2982 possunt
1029 2901 1163 2968 inter-so

113 2984 217 3068 nosci,
239 2984 363 3048 nullam
387 2982 565 3048 habemus?
613 2982 699 3048 Nam
723 2984 750 3048 si
772 2984 943 3068 habemuS,
970 2987 1128 3054 interesse

115 3075 253 3156 oportet,
275 3076 313 3138 ut
330 3072 415 3136 inter
435 3075 559 3136 rectum
578 3075 611 3135 et
628 3093 772 3155 pravum,
796 3073 843 3138 sio
860 3074 946 3138 inter
963 3096 1079 3141 verum
1097 3081 1128 3142 et

113 3161 240 3226 falsum.
277 3158 312 3225 Si
334 3161 417 3225 nihil
439 3161 587 3244 interest,
609 3159 700 3224 nulla
721 3161 834 3246 regula
855 3165 915 3245 est,
937 3184 997 3228 neo
1019 3169 1129 3249 potest

113 3251 151 3332 is,
175 3249 227 3313 oui
245 3252 295 3314 est
313 3249 395 3314 visio
415 3249 483 3314 veri
506 3248 644 3332 falsique
668 3249 857 3333 communis,
880 3250 984 3315 ullum
1006 3252 1129 3318 habere

113 3337 268 3402 iudicium
283 3341 340 3402 aut
357 3338 458 3402 ullam
477 3337 608 3401 omnino
627 3336 772 3402 veritatis
790 3340 913 3403 notam.
946 3339 979 3403 N
981 3361 1035 3405 am
1054 3363 1127 3406 cum
1141 3365 1164 3409 ss

114 3425 224 3491 dicunt
250 3427 313 3492 hoe
340 3448 374 3490 se
402 3447 501 3489 unum
523 3424 656 3508 tollere,
688 3429 725 3489 ut
751 3426 922 3510 quicquam
949 3429 1056 3510 possit
1081 3430 1129 3494 ita

105 3534 213 3579 amem
233 3514 342 3599 rideri,
369 3516 489 3580 utnon
508 3513 620 3596 eodem
642 3513 738 3578 modo
759 3513 879 3580 falsum
898 3515 998 3580 etism
1022 3519 1129 3600 possit
