2346 3876
114 135 180 200 370
309 135 606 191 TUSCULANARUM
622 135 930 193 DISPUTATIONUM

112 320 328 381 mereamus,
347 296 402 363 sed
420 301 457 362 ut
474 319 659 381 numquam.
695 295 809 382 Neque
827 300 924 383 enim,
942 301 997 385 qui
1015 316 1110 366 rerum

111 391 282 469 naturam,
322 386 378 469 qui
413 386 500 450 vitae
536 386 744 470 varietatem,
783 387 839 471 qni
875 388 1111 454 inbecillitatem

113 475 238 558 generis
270 472 403 538 humani
435 473 575 557 cogitat,
606 477 740 558 maeret,
773 495 847 538 cunr
878 474 960 542 haec
992 478 1111 562 cogitat,

113 563 169 627 sed
206 567 276 626 tum
313 561 365 626 vel
401 562 540 625 maxime
576 561 756 644 sapientiae
798 562 948 646 fungitur
983 586 1111 630 munere.

111 649 292 733 Utrumque
311 648 398 712 enim
416 649 634 732 consequitur,
656 652 745 713 utet
764 651 1005 718 considerandis
1027 654 1131 718 rebuss

111 737 262 803 humanis
290 737 423 820 proprio
455 736 681 820 philosophiae
711 736 839 802 fruatur
871 740 979 805 officio
1008 745 1040 806 et
1067 741 1111 805 ad·

112 827 213 890 versis
242 825 369 889 casibus
401 824 522 907 triplici
554 824 774 890 consolatione
807 831 953 906 sanetur,
981 829 1111 912 primun

111 914 196 997 quod
219 934 315 996 posse
339 911 479 975 accidere
502 911 557 975 diu
580 913 749 996 cogitavit,
773 934 856 997 quaa
877 916 1035 1000 cogitatio
1057 938 1112 980 una

110 1002 249 1065 maxime
281 999 448 1063 molestias
481 999 585 1063 omnis
617 1003 770 1065 extenuat
802 1005 835 1064 et
866 1002 976 1088 diluit,
1009 1005 1110 1069 deinde

111 1089 196 1172 quod
232 1088 374 1151 humana
413 1086 546 1151 humone
580 1087 713 1152 ferenda
747 1089 922 1174 intellegit,
957 1096 1138 1176 postremos

111 1177 196 1259 qnod
222 1174 311 1238 videt
338 1174 461 1239 malum
487 1176 613 1239 nullum
640 1197 710 1241 esse
732 1176 797 1240 nisi
821 1178 966 1262 culpam,
995 1181 1109 1263 culpam

111 1267 217 1328 autem
248 1263 371 1326 nullam
403 1284 487 1346 esse,
520 1285 593 1327 cum
624 1263 671 1345 id,
704 1264 789 1349 quod
821 1266 863 1329 ab
895 1265 1030 1332 homine
1054 1288 1109 1331 non

59 1372 92 1421 aa
110 1350 253 1435 potuerit
271 1351 445 1434 praestari,
464 1351 614 1415 evenerit.
649 1349 736 1417 Nam
754 1352 918 1419 revocatio
937 1355 1006 1438 illa,
1025 1375 1107 1440 quam

110 1439 227 1522 adfert,
250 1460 323 1503 cum
347 1460 367 1502 a
389 1439 578 1503 contuendis
596 1460 657 1504 nos
678 1440 772 1504 malis
797 1445 927 1526 avocat,
949 1443 1040 1508 nulls
1060 1445 1106 1507 est

109 1528 186 1592 Non
216 1531 267 1591 est
298 1527 384 1590 enim
415 1526 450 1590 in
481 1530 595 1591 nostra
629 1531 791 1611 potestate
826 1526 1047 1596 fodicantibus
1072 1530 1133 1594 iisc

108 1616 218 1697 rebus,
250 1636 330 1711 quas
360 1614 465 1678 malas
498 1636 567 1679 esse
600 1616 779 1699 opinemur,
818 1616 1038 1684 dissimulatio
1065 1617 1105 1682 rel

110 1704 244 1786 oblivi03
274 1704 431 1785 lacerant,
462 1705 594 1786 vexant,
626 1703 775 1768 stimulos
808 1704 999 1790 admovent,
1033 1705 1105 1791 ignis

109 1791 275 1873 adhibent,
298 1791 457 1873 respirare
478 1810 545 1855 non
568 1791 688 1855 sinunt.
723 1791 770 1856 Et
792 1797 829 1856 tu
846 1792 998 1860 oblivisci
1019 1794 1105 1874 iubes,

109 1881 194 1963 quod
218 1883 331 1943 contra
353 1882 505 1942 naturam
532 1882 594 1962 est,
621 1880 689 1962 qui,
716 1881 797 1960 quod
822 1901 842 1944 a
866 1885 987 1947 natura
1009 1883 1104 1948 daun
1170 1960 1173 1968 Δ

109 1971 171 2049 est,
194 1966 349 2031 auxilium
369 1970 558 2048 extorqueas
577 1966 747 2031 inveterati
768 1967 912 2033 doloris?
949 1970 1013 2036 Est
1034 1970 1130 2036 anina
1170 2032 1173 2040 .

108 2055 203 2118 tarda
224 2055 282 2118 illa
304 2054 432 2137 quidem
455 2053 626 2136 medicina,
650 2055 705 2118 sed
727 2057 837 2119 tamen
861 2077 997 2142 magna,
1022 2076 1103 2143 quam

108 2141 213 2205 adfert
234 2142 457 2225 longinquitas
481 2145 514 2204 et
537 2141 613 2206 dies.
657 2141 753 2207 Iubes
776 2164 828 2207 me
853 2143 944 2209 bona
966 2147 1104 2231 cogitare,

107 2229 255 2294 oblivisci
278 2229 447 2294 malorum.
482 2227 613 2294 Diceres
634 2229 770 2314 aliquid,
793 2232 826 2293 et
843 2253 965 2316 magno
990 2235 1104 2319 quidem

106 2317 301 2401 philosopho
334 2317 479 2402 dignum,
512 2318 540 2381 si
573 2338 611 2381 ea
637 2318 725 2383 bona
751 2338 822 2383 esse
851 2321 1005 2406 sentires,
1036 2338 1104 2406 quae

107 2409 215 2470 essent
238 2406 368 2471 homine
392 2406 590 2490 dignissima.
1114 2425 1132 2468 a

56 2473 96 2534 17
174 2495 376 2578 Pythagoras
395 2493 477 2557 mihi
496 2494 523 2558 si
542 2493 662 2558 diceret
686 2497 744 2559 aut
761 2492 911 2559 Socrates
936 2501 995 2562 aut
1012 2498 1105 2564 Plato:

54 2549 87 2597 36
108 2581 207 2659 ‘Quid
229 2584 314 2648 iaces
334 2585 390 2646 aut
412 2582 489 2664 quid
507 2603 630 2646 maeres
650 2586 706 2646 aut
728 2586 993 2653 cursuscumbis
1018 2584 1105 2651 cedis·

107 2692 168 2754 que
190 2670 363 2736 fortunae?
392 2690 473 2753 quae
495 2671 675 2753 pervellere
693 2675 731 2734 te
753 2670 894 2734 forsitan
916 2674 1062 2756 potuerit
1080 2673 1106 2734 et

105 2779 261 2842 pungere,
283 2781 348 2823 non
370 2757 478 2841 potuit
501 2760 586 2822 certe
610 2759 695 2822 vires
718 2758 877 2842 frangere.
922 2759 1045 2846 Magna
1064 2758 1104 2824 uis

106 2848 156 2909 est
183 2847 218 2907 in
246 2843 433 2929 virtutibus3
461 2867 515 2911 eas
540 2847 658 2930 excita,
686 2847 713 2910 si
735 2846 820 2911 forte
843 2846 1024 2933 dormiunt;
1049 2849 1132 2912 iana

104 2932 167 2995 tibi
196 2931 298 2995 aderit
324 2934 473 3018 princeps
501 2934 672 3018 fortitudo,
705 2955 786 3018 quae
816 2938 850 2998 te
883 2936 995 3003 animo
1025 2937 1105 3001 tanto

69 3039 78 3052 ‘
106 3041 175 3084 esse
202 3024 310 3104 coget,
337 3025 373 3084 ut
401 3024 522 3105 omnia,
555 3043 637 3106 quae
668 3023 794 3107 possint
821 3022 949 3088 homini
981 3023 1106 3101 evenire,

105 3111 292 3173 contemnas
325 3110 357 3170 et
387 3131 447 3193 pro
479 3111 582 3175 nihilo
614 3114 724 3195 putes;
756 3109 859 3175 aderit
890 3110 1106 3196 temperantia,

106 3217 189 3280 quae
215 3198 266 3260 est
293 3196 404 3260 eadem
427 3199 620 3281 moderatio,
650 3220 670 3262 a
692 3220 743 3263 me
767 3199 896 3282 quidem
917 3201 1019 3283 paulo
1041 3201 1106 3264 ante

105 3283 268 3367 appellata
286 3282 465 3369 frugalitas,
484 3308 565 3371 quae
583 3292 616 3351 te
634 3287 774 3370 turpiter
792 3289 825 3350 et
842 3289 992 3371 nequiter
1010 3289 1134 3354 faceres

104 3371 187 3436 nihil
216 3371 365 3452 patietur.
416 3373 499 3449 Quid
527 3377 577 3438 est
604 3378 712 3438 autem
738 3375 874 3458 nequius
902 3379 960 3440 aut
988 3376 1106 3459 turpius

99 3459 296 3526 ecfeminato
328 3460 420 3526 viro?
472 3459 522 3526 Ne
555 3462 682 3526 iustitia
712 3462 842 3546 quidem
871 3461 956 3528 sinet
986 3468 1020 3529 te
1049 3464 1106 3528 ista
