2356 3870
310 102 379 160 ΜΒ.
396 103 431 160 11.
460 104 537 160 cAP.
558 71 666 174 11,1'2.
693 111 849 172 saa-aa
1025 104 1087 169 137

32 292 47 332 ,ι
110 261 179 326 reali
197 265 259 329 frui
277 265 447 349 principiis
465 242 775 332 naturalibus‘esset
793 271 979 332 extremum.
1011 267 1142 351 Epi-12

32 379 50 420 n
108 369 178 416 curus
194 357 300 418 autem
320 375 393 417 cum
411 354 446 418 in
468 356 575 438 prima
593 355 870 420 commendatione
889 356 1088 439 voluptatem

32 467 47 507 r
105 436 226 524 dixisset,
248 441 278 506 si
300 463 386 526 eam,
409 464 505 526 quam
523 442 724 527 Aristippus,
747 443 833 507 idem
852 447 959 507 tenere
977 444 1089 509 debuit

32 554 44 594 s
102 525 230 593 ultimum
257 529 431 613 bonorum,
458 530 543 614 quod
571 531 640 612 ille3
668 532 717 595 sin
744 553 828 614 cam,
859 553 955 616 quam
977 529 1089 596 Hiero·

32 624 40 683 i
81 634 214 699 caynus,
235 615 367 682 fecisset
388 616 488 701 idem,
510 621 548 683 ut
565 619 764 703 voluptatem
785 620 875 683 illam
900 619 1087 702 [Aristippi]

95 702 243 788 inprime
266 705 543 771 commendatione
565 712 709 790 poneret.

144 879 230 944 Nam
259 881 345 964 quod
371 882 419 947 ait
447 883 594 946 sensibus
622 883 701 966 ipsis
728 882 862 947 iudicari
887 883 1088 967 voluptatem
1105 902 1142 950 36

89 966 200 1033 bonum
228 991 312 1051 csse,
344 968 489 1034 dolorem
515 970 651 1053 malum,
682 971 755 1053 plus
786 971 901 1035 tribuit
931 971 1088 1055 sensibus,

86 1078 175 1140 quam
201 1057 296 1121 nobis
319 1059 408 1142 leges
430 1059 636 1141 permittunt,
663 1079 733 1124 cam
759 1060 958 1143 privatarum
981 1059 1088 1123 litium

57 1143 199 1209 rriudices
228 1167 346 1210 sumus.
395 1143 486 1210 Nihil
519 1148 604 1210 enim
634 1168 806 1231 possumus
840 1147 994 1230 iudicare,
1024 1148 1088 1212 nisi

84 1232 162 1316 quod
185 1235 237 1296 est
257 1234 362 1298 nostri
384 1233 505 1299 iudicii.
539 1233 578 1298 In
601 1257 664 1318 quc
686 1234 808 1298 frustra
830 1235 950 1300 iudices
972 1236 1087 1318 solent,

84 1342 150 1387 cum
182 1322 376 1386 sententiam
405 1323 633 1406 pronuntiant,
665 1322 792 1387 addere:
826 1322 869 1386 ‘si
897 1323 987 1407 quid
1014 1325 1087 1389 mei

82 1407 217 1474 iudicii
240 1409 320 1473 est'
366 1409 402 1475 Si
425 1411 511 1474 enim
532 1414 598 1476 n‘cn
620 1411 684 1475 fuit
706 1432 816 1475 eorum
839 1411 961 1494 iudicii,
984 1412 1086 1476 nihilo

82 1498 182 1581 magis
220 1495 282 1562 hoc
316 1519 383 1563 non
419 1499 528 1563 addito
564 1499 643 1563 illud
679 1503 729 1564 est
761 1498 946 1563 iudicatum
1003 1498 1088 1575 Quid

56 1584 222 1650 uindicanti
240 1585 375 1650 sensus?
411 1585 515 1651 Dulce
534 1609 692 1670 amarum,
714 1587 783 1651 leve
802 1609 964 1670 asperum,
986 1608 1086 1669 prope

82 1671 187 1757 longe,
215 1676 301 1737 stare
325 1696 466 1758 movere,
494 1675 685 1758 quadratum
713 1675 895 1739 rotundum.
941 1674 1087 1757 Aequam
1105 1692 1141 1741 37

84 1759 178 1844 igitur
200 1762 425 1844 pronuntiabit
452 1763 645 1827 sententiam
672 1763 756 1827 ratio
780 1763 924 1827 adhibita
946 1763 1086 1847 primum

85 1847 258 1914 dirinmum
280 1849 557 1934 humanarumque
576 1873 682 1915 rerum
706 1851 853 1933 scientia,
876 1873 956 1935 quac
978 1854 1088 1934 potest

86 1936 237 2021 appellari
269 1937 331 2001 rite
364 1939 535 2022 sapientia,
567 1939 681 2003 deinde
713 1938 872 2003 adiunctis
904 1939 1087 2021 virtutibus,

59 2043 158 2106 aquas
189 2024 275 2089 ratio
307 2047 414 2090 rerum
446 2027 589 2091 omnium
621 2026 779 2104 dominas,
816 2031 853 2090 tu
883 2028 1087 2111 voluptatum

87 2113 235 2177 satellites
272 2117 306 2177 et
341 2114 508 2179 ministras
544 2136 614 2179 esse
651 2115 793 2197 voluisti3
834 2137 969 2198 quarum
1006 2114 1085 2180 adeo

87 2201 222 2265 omnium
251 2202 410 2266 sententia
437 2202 663 2287 pronuntiabit
683 2203 824 2285 primum
848 2203 887 2267 dc
911 2204 1087 2287 voluptate,

86 2287 159 2352 nihil
177 2310 248 2353 esse
266 2289 295 2352 ci
313 2289 390 2373 loci,
407 2311 472 2354 non
490 2291 586 2355 modo
610 2294 647 2354 ut
672 2292 742 2356 sola
759 2294 899 2374 ponatur
915 2291 950 2354 in
968 2291 1087 2355 summi

86 2373 156 2440 boni
178 2377 266 2458 sede,
289 2399 386 2461 quam
404 2379 603 2461 quaerimus,
626 2379 680 2443 sed
698 2401 739 2443 ne
756 2379 815 2442 illc
835 2378 963 2462 quidem
981 2374 1086 2458 moda,

62 2467 117 2527 ant
146 2465 186 2528 ad
217 2464 420 2531 honestatem
452 2467 640 2551 applicetur.
693 2466 742 2531 De
773 2467 934 2530 vacuitate
966 2465 1086 2530 doloris

86 2552 189 2617 eadem
214 2554 373 2618 sententia
395 2553 465 2618 erit
507 2555 672 2619 Reicietur
694 2555 791 2619 etiam
815 2552 1005 2632 Carneades,
1027 2573 1085 2616 nec
1104 2570 1140 2619 38

32 2686 34 2691 -
86 2639 145 2704 ulla
171 2640 211 2704 de
239 2663 365 2705 summo
393 2642 585 2707 honoratio
609 2643 865 2726 autvoluptatis
890 2664 956 2707 non
979 2642 1085 2705 dolen-

85 2725 148 2792 dive
174 2729 338 2812 particeps
367 2732 424 2793 aut
449 2730 628 2795 honestatis
652 2752 765 2813 expers
790 2731 989 2813 probabitur.
1034 2729 1086 2794 Ita

32 2828 35 2843 '
85 2815 239 2900 relinquet
269 2816 363 2901 duas,
402 2817 441 2880 de
473 2819 589 2902 quibus
622 2818 720 2882 etiam
753 2822 848 2902 atque
881 2819 979 2883 etiam
1011 2840 1086 2882 con-

56 2902 203 2969 asideret
249 2903 317 2969 Aut
343 2905 428 2969 enim
455 2909 577 2970 statuet
599 2905 682 2970 nihil
705 2927 774 2969 esse
800 2904 920 2970 bonum
942 2907 1005 2972 nisi
1027 2906 1084 2972 ho·

84 2996 219 3070 nestum,
250 2991 334 3057 nihil
366 2993 487 3057 malum
513 2994 577 3057 nisi
604 2997 711 3077 turpe,
738 2997 844 3058 cetera
871 2998 927 3058 aut
953 2995 1084 3060 omnino

84 3077 158 3144 nihil
185 3080 304 3144 habere
331 3081 486 3145 momenti
514 3086 569 3147 aut
595 3085 735 3163 tantum,
761 3085 798 3146 ut
827 3104 885 3146 nec
909 3082 1085 3166 expetenda

86 3184 135 3231 nac
160 3167 329 3254 fugienda,
357 3169 413 3233 scd
440 3169 588 3254 eligenda
614 3169 708 3235 modo
738 3173 794 3234 aut
821 3171 982 3235 reicienda
1011 3170 1085 3251 sint,

86 3258 134 3319 eut
151 3261 328 3340 anteponet
346 3278 427 3340 cam,
445 3279 542 3341 quam
561 3278 633 3322 oum
651 3257 822 3322 honestate
836 3259 1085 3338 ornatissimam,

60 3339 147 3407 ¹diurn
173 3344 273 3409 ctiam
300 3344 380 3429 ipsis
407 3345 510 3409 initiis
536 3350 672 3411 naturae
700 3349 733 3410 et
762 3347 864 3411 totius
891 3345 1084 3429 perfectione

87 3426 166 3511 vit-ae¹
187 3432 421 3516 locupletatam
444 3433 574 3498 videbit.
626 3432 719 3509 Quod
742 3454 780 3498 eo
802 3432 956 3517 liquidius
978 3432 1086 3515 faciet,
