2356 3870
299 172 369 228 LIB.
387 172 423 227 V.
451 172 528 229 CAP.
550 180 670 228 10-12.
698 178 713 240 ξ
733 179 854 229 30-34.
1016 176 1082 240 249

68 334 144 418 ipso
169 334 316 418 sapiente
339 335 435 399 aliter
458 335 633 418 existimat,
657 335 746 419 quin,
770 335 868 401 etiam
886 359 958 403 cum
974 338 1081 404 decre·

68 421 156 506 verit
185 443 256 487 esse
284 422 500 505 moriendum,
531 426 642 487 tamen
669 423 813 488 discessu
844 445 864 488 a
890 425 957 490 suis
984 430 1082 510 atque

68 510 144 593 ipsa
170 509 381 594 relinquenda
408 510 479 575 luce
507 510 697 575 moveatur?
741 508 880 576 Maxime
910 517 1017 578 autem
1046 514 1082 578 in

69 596 134 662 hoc
166 597 296 682 quidem
326 619 443 682 genere
475 598 524 662 vis
556 601 607 663 est
632 598 804 682 perspicua
829 603 978 684 naturae,
1008 623 1080 664 cum

44 687 105 749 aet
135 685 379 750 mendicitatem
415 686 510 751 multi
544 687 781 770 perpetiantur,
816 691 853 751 ut
889 688 1012 772 vivant,
1049 693 1083 753 et

71 776 236 857 angantur
267 773 579 858 appropinquatione
611 773 725 839 mortis
761 774 898 838 confecti
932 775 1080 840 homiues

72 863 238 925 senectute
266 864 299 926 et
321 882 360 925 ca
386 861 563 945 perferant,
591 882 671 944 quae
698 860 914 927 Philoctetam
936 862 1080 928 videmus

64 947 105 1021 in
122 946 259 1031 fabulis3
282 948 336 1032 qui
354 970 426 1013 cum
445 949 641 1014 cruciaretur
659 971 726 1014 non
743 949 882 1014 ferendis
904 951 1080 1035 doloribus,

72 1035 279 1120 propagabat
300 1038 411 1101 tamen
432 1037 534 1102 vitam
558 1038 708 1120 aucupio,
739 1034 980 1122 ‘configebat
1002 1040 1080 1102 tar·

42 1148 64 1186 11
75 1122 143 1188 dus
165 1123 327 1209 celeres,
351 1128 459 1190 stans
482 1123 689 1208 volantes',
713 1127 749 1189 ut
771 1126 857 1209 apud
874 1125 1003 1191 Attium
1021 1130 1080 1210 est,

74 1232 315 1296 pennarumque
351 1214 505 1277 contextu
543 1213 669 1296 corpori
705 1217 894 1297 tegumenta
930 1214 1080 1280 faciebat.

75 1296 121 1363 De
143 1298 313 1365 hominum
331 1320 448 1384 genere
468 1303 525 1364 aut
542 1300 673 1364 omnino
693 1300 731 1364 de
750 1302 939 1368 animalium
956 1304 1080 1387 loquor,
1098 1315 1133 1363 33

76 1407 145 1453 cum
177 1387 332 1452 arborum
364 1392 397 1453 et
424 1388 573 1471 stirpium
601 1388 713 1452 eadem
742 1409 844 1471 paene
870 1395 986 1455 natura
1015 1391 1080 1455 sit?

78 1471 148 1540 Sive
171 1475 274 1558 enim,
295 1480 333 1539 ut
355 1475 552 1541 doctissimis
575 1476 653 1541 viris
676 1475 781 1540 visum
806 1480 869 1559 est,
896 1477 1000 1543 maior
1023 1479 1080 1543 ali-

50 1566 375 1716 1111111111111θ
388 1563 540 1715 httt
560 1563 729 1735 11111
746 1564 998 1735 occurat
1012 1566 1081 1718 {¹0⁰5

76 1737 191 1803 ticibus
227 1741 261 1802 et
292 1699 454 1804 radicibus
486 1701 612 1803 valida,
626 1738 760 1819 servari,
796 1738 881 1822 quod
920 1701 1081 1824 contingit

76 1826 267 1891 animalibus
304 1848 455 1891 sensuum
491 1826 718 1891 distributione
755 1831 787 1890 et
822 1826 959 1910 quadam
995 1849 1080 1893 com-

75 1915 222 1996 pactione
245 1916 471 1980 membrorum.
517 1913 586 1989 Qua
614 1914 743 1998 quidem
765 1915 804 1978 de
827 1935 861 1978 re
885 1936 1081 1999 quamquam

50 2002 232 2066 rassentior
263 2001 317 2085 iis,
354 2002 409 2086 qui
440 2002 520 2066 haec
553 2003 663 2067 omnia
696 2002 767 2086 regi
802 2005 919 2068 natura
955 2006 1081 2085 putant,

74 2111 152 2175 quae
176 2089 206 2153 si
228 2094 346 2154 natura
368 2090 535 2174 neglegat,
556 2088 628 2173 ipsa
650 2111 720 2155 esse
743 2111 809 2154 non
830 2090 948 2173 possit,
970 2097 1080 2155 1111111

74 2177 227 2259 concedo,
250 2179 299 2261 ut,
322 2177 377 2261 qui
400 2177 438 2241 de
461 2177 524 2241 hoc
546 2177 755 2260 dissentiunt,
778 2178 971 2260 existiment,
995 2179 1080 2261 quod

72 2266 187 2348 velint,
209 2286 247 2328 ac
269 2265 320 2329 vel
342 2264 406 2329 hoc
428 2265 634 2349 intellegant,
657 2265 685 2330 si
704 2264 833 2349 quaudo
851 2268 1002 2330 naturam
1024 2266 1080 2330 ho-

72 2354 170 2419 minis
208 2352 327 2436 dicam,
357 2352 522 2417 hominem
558 2351 661 2417 dicere
695 2374 759 2435 me3
788 2352 870 2416 nihil
902 2354 987 2418 enim
1018 2353 1080 2418 hoc

43 2440 188 2506 adiffert.
241 2439 327 2505 Nam
358 2441 449 2524 prius
482 2457 512 2504 a'
533 2462 567 2505 se
597 2440 719 2523 poterit
751 2440 886 2590 quisque
918 2439 1080 2504 discedere

72 2550 170 2613 quam
198 2529 378 2612 appetitum
407 2549 517 2592 earum
543 2549 664 2611 rerum,
691 2547 773 2611 quae
801 2526 829 2591 si
852 2527 865 2590 i
892 2528 1080 2611 conducant,

72 2617 231 2681 amittere.
282 2616 355 2680 Iure
383 2616 483 2700 igitur
514 2615 700 2699 gravissimi
731 2612 919 2699 philosophi
950 2614 1080 2679 initium

70 2704 190 2769 summi
217 2704 296 2770 boni
323 2726 343 2768 a
369 2707 487 2767 natura
513 2703 697 2787 petiverunt
725 2706 757 2767 11
786 2703 878 2766 illum
901 2702 1080 2786 appetitum

71 2813 179 2858 rernm
204 2791 245 2856 ad
266 2795 417 2857 naturam
441 2791 754 2856 accommodatarum
775 2790 1000 2874 ingeneratum
1022 2814 1079 2875 pu·

35 2895 60 2942 u
71 2882 224 2945 taverunt
242 2880 407 2961 omnibus,
430 2879 505 2962 quia
523 2879 728 2943 continentur
747 2899 785 2942 ea
803 2878 1079 2944 commendatione

70 2970 221 3050 naturae,
245 2989 308 3051 qua
332 2988 366 3032 se
388 2967 453 3050 ipsi
476 2967 624 3050 diligunt.
1092 3014 1133 3078 12

135 3053 299 3138 Deinceps
332 3055 502 3119 videndum
535 3057 597 3137 est,
635 3053 786 3137 quoniam
819 3054 899 3119 satis
932 3058 1079 3138 apertum
1098 3092 1132 3141 34

72 3147 120 3207 est
143 3142 207 3206 sibi
230 3163 388 3226 quemque
407 3147 524 3206 natura
541 3162 612 3206 esse
630 3163 753 3223 carum,
776 3163 858 3225 quae
877 3140 1078 3205 sithominis

72 3234 196 3296 natura.
241 3228 279 3293 Id
302 3235 351 3294 est
373 3230 472 3311 enim,
499 3229 623 3313 dequo
647 3230 839 3313 quaerimus.
884 3227 986 3311 Atqui
1008 3249 1078 3311 per·

35 3318 220 3402 aspicuum
247 3321 298 3381 est
324 3317 488 3382 hominem
516 3338 533 3380 e
560 3338 695 3401 corpore
723 3317 891 3399 animoque
921 3319 1083 3398 constare,

74 3424 144 3471 cum
179 3405 303 3489 primae
340 3406 408 3471 sint
443 3405 543 3469 animi
576 3407 702 3488 partes,
733 3401 891 3469 secundae
927 3402 1080 3484 corporis.

73 3488 195 3559 Deinde
221 3492 254 3558 id
282 3514 407 3578 quoque
434 3492 591 3574 ridemus,
619 3491 726 3556 etita
752 3491 925 3576 figuratum
953 3509 1079 3575 corpus,
