2346 3876
301 164 368 219 ιιι.
387 144 526 221 usone
548 171 594 237 rs,
614 173 654 221 ιι.
683 172 698 232 s
718 172 839 223 sr-ss.
1027 167 1071 231 45

51 332 162 393 ιοιιιιιι
180 328 253 410 hoc,
273 328 452 411 sapientem
471 328 645 483 aliquando
667 330 824 393 sustinere
838 330 1070 413 adsensionem,

58 421 173 482 contra
199 438 259 482 vos
288 419 345 482 est
322 415 429 481 tSi
457 418 543 481 enim
570 419 619 483 int
621 439 655 481 er
672 417 755 482 'visa
776 417 859 482 nihil
890 419 1071 502 interesset,

57 509 116 570 aut
147 527 275 589 semper
306 505 481 570 sustineret
512 508 569 571 eut
600 527 785 590 numquam
844 504 906 571 Sed
939 528 978 572 ex
1007 508 1070 573 hcc

57 616 177 680 genere
208 597 280 660 toto
311 595 450 696 perspici
481 598 590 678 potest
621 593 698 658 levit
684 599 734 658 tas
763 595 918 659 orationis
953 617 1072 679 eorum,

30 683 115 767 squi
142 683 255 748 omnia
278 681 413 765 cupiunt
434 683 636 748 confundere.
674 682 863 760 Quaerimus
889 648 1072 768 gravitatis?

58 771 278 855 constantiae,
314 771 492 856 firmitatis,
530 771 707 855 sapientiae
743 771 911 856 indicium,
952 773 1073 837 utimur

58 860 218 943 exemplis
243 859 407 924 somniant
407 860 488 942 ium,
510 860 720 963 furiosorum,
748 860 961 944 ebriosorum,
991 861 1072 925 illud

59 949 272 1028 attendimus,
304 948 340 1012 in
369 949 431 1014 hoc
457 949 546 1014 omni
573 970 690 1034 genere
723 970 819 1051 quam
850 949 1072 1014 inconstanter

58 1037 254 1122 loquamur?
304 1035 379 1103 Non
409 1037 499 1101 enim.
521 1039 738 1122 proferremus
766 1038 843 1104 uino
872 1043 928 1103 aut
957 1061 1070 1105 somno

19 1151 44 1189 ιο
59 1147 233 1210 oppressos
266 1127 324 1189 aut
354 1130 462 1191 mente
497 1130 609 1210 captos
641 1131 710 1191 tam
743 1127 893 1211 absurde,
929 1131 966 1192 ut
1001 1130 1072 1192 tum

58 1215 238 1278 diceremus
267 1213 424 1279 interesse
451 1216 537 1280 inter
563 1214 712 1300 vigilant
703 1238 769 1279 rum
801 1217 873 1280 uisa
905 1219 937 1280 et
969 1217 1071 1282 sobri·

59 1324 153 1367 crum
178 1306 212 1366 et
235 1324 386 1367 sanorum
409 1307 588 1387 eteorum,
617 1304 672 1388 qui
698 1306 805 1369 essent
828 1305 886 1369 alit
872 1308 922 1369 ter
945 1305 1115 1389 adfecti,

57 1396 131 1457 tum
153 1390 311 1456 nihilt
260 1413 296 1454 m
297 1394 425 1456 teresse
474 1390 525 1457 Ne
552 1391 614 1456 hoc
639 1393 767 1477 quidem
792 1396 939 1476 cernunt,
963 1394 1071 1459 omnia
1090 1404 1124 1452 54

59 1502 94 1544 se
117 1479 251 1544 reddere
278 1479 414 1563 incerta,
442 1480 527 1563 quod
553 1482 678 1546 nolunt.
726 1480 777 1545 Ea
806 1481 878 1546 dico
907 1443 1071 1564 iricerta,

23 1589 143 1653 requae
170 1562 280 1650 ἄδηλα
307 1566 429 1632 Graeci.
475 1566 510 1633 si
538 1569 624 1634 enim
645 1591 697 1633 res
727 1590 760 1633 se
783 1569 831 1632 ita
853 1568 1072 1652 habeant,t
1034 1572 1072 1633 ut

59 1656 144 1720 nihil
166 1656 308 1740 intersit,
330 1657 485 1720 utrumt
457 1679 470 1720 1
486 1679 505 1722 a
524 1678 576 1721 cur
567 1657 740 1722 videatur
763 1656 833 1720 ut
823 1679 951 1734 rosano,
975 1679 1016 1722 an
1037 1664 1074 1722 ut

60 1767 150 1829 sano,
170 1744 222 1809 cui
239 1744 347 1827 possit
364 1745 567 1828 exploratum
583 1767 652 1811 esse
672 1746 710 1810 de
729 1767 788 1810 sua
806 1744 892 1810 sanit
893 1748 927 1809 at
877 1744 967 1809 ett‘?
986 1745 1071 1829 quod

59 1834 145 1898 velle
164 1832 293 1898 efficere
310 1855 378 1898 non
395 1833 563 1899 mediceris
582 1834 728 1899 insaniae
747 1839 804 1898 est.
837 1831 1070 1899 Similitudines

59 1944 136 1987 vero
158 1925 216 1986 aut
234 1921 437 2006 geminorum
456 1925 512 1986 aut
530 1923 697 2007 signorum
716 1922 822 1987 anulis
840 1922 1070 2006 impressorum

27 2011 228 2094 apueriliter
248 2013 438 2076 consectant
438 2033 483 2075 ur.
534 2010 612 2087 Quis
644 2011 728 2075 enim
751 2014 899 2076 nostrum
922 2011 1071 2075 similitu-

61 2100 150 2164 dines
180 2101 281 2183 negat
308 2120 391 2182 esse,
418 2121 491 2164 cum
524 2121 579 2164 eae
607 2099 796 2182 plurimis
786 2121 821 2162 111
848 2100 944 2164 rebus
950 2123 1069 2252 tappa-

60 2190 174 2252 reant‘?
228 2185 292 2251 Sed
329 2187 357 2251 si
384 2188 481 2252 satis.
496 2190 545 2252 est
577 2188 618 2253 ad
649 2187 826 2253 tollendam
854 2188 964 2273 ecgnit
965 2189 1071 2254 ionem
1109 2246 1112 2250 ,

61 2276 181 2340 similia
208 2296 279 2340 esse
306 2277 409 2340 multa
435 2277 623 2360 multorum,
653 2298 709 2341 cur
736 2299 774 2342 eo
801 2299 867 2342 non
894 2278 972 2341 estis
997 2298 1071 2342 con-

62 2365 158 2449 tenti,
177 2364 368 2448 praesertim
386 2365 632 2430 concedentibus
650 2364 767 2430 nobis?
789 2374 821 2430 et
839 2387 894 2430 cur
911 2365 1021 2429 idt
962 2387 1005 2449 po
1007 2366 1071 2429 tius

31 2451 271 2536 acontenditis,
299 2452 385 2538 quod
399 2460 518 2517 'rerum
548 2456 666 2517 natura
687 2474 753 2519 non
779 2455 915 2537 patitur,
942 2456 1072 2518 utnon

62 2542 96 2606 ia
118 2563 179 2606 suo
207 2540 347 2626 quidque
375 2561 490 2625 genere
513 2541 558 2605 sit
578 2542 656 2625 tale,
684 2542 778 2626 quale
801 2545 863 2625 est,
890 2562 949 2605 uec
973 2541 1072 2606 sitin

64 2629 188 2694 duobus
213 2631 270 2693 aut
293 2629 440 2712 pluribus
462 2630 553 2693 nulla
575 2651 610 2694 re
634 2630 781 2695 differens
805 2630 874 2694 ulla
896 2628 1094 2694 communi?

63 2718 133 2783 tes?
167 2720 188 2797 †
221 2720 258 2781 ut
289 2717 353 2782 sibi
383 2717 448 2782 sint
480 2721 512 2782 et
544 2740 606 2782 oua
632 2740 767 2783 ovorum
795 2721 828 2783 et
855 2740 930 2802 apes
963 2718 1070 2802 apium

64 2806 258 2870 simillimae.
305 2804 388 2881 Quid
409 2825 534 2890 pugnas
557 2805 680 2890 igitur?
706 2810 762 2870 aut
784 2806 860 2891 quid
881 2807 942 2871 tibi
965 2808 1014 2872 vis
1037 2807 1071 2872 in

32 2893 224 2978 ugeminis?
270 2891 464 2959 Conceditur
486 2895 571 2959 enim
600 2894 719 2959 similes
744 2916 827 2978 esse,
855 2917 917 2979 quo
942 2900 1072 2960 conten-

64 2987 113 3048 tus
142 3004 215 3048 esse
244 2985 410 3066 potueras3
436 2986 473 3046 tu
501 2985 609 3048 autem
637 2983 686 3048 vis
715 2982 844 3048 eosdem
870 2984 965 3067 plene
994 3006 1072 3067 esse,
1091 2994 1125 3043 eo

65 3093 128 3137 non
151 3071 290 3153 similes,
314 3071 399 3155 quod
421 3069 492 3135 fieri
509 3071 600 3137 nullo
619 3071 714 3136 modo
737 3074 855 3155 potest.
891 3072 976 3137 Dein
999 3094 1071 3136 con·

65 3159 148 3245 fugis
173 3159 215 3224 ad
236 3157 390 3244 physicos
415 3179 482 3242 eos,
508 3160 564 3243 qui
586 3160 724 3224 maxime
746 3160 782 3224 in
798 3158 975 3225 Academia
998 3159 1073 3223 inri-

67 3247 191 3332 dentur,
215 3268 235 3312 a
258 3246 374 3332 quibus
397 3268 438 3311 ne
461 3250 498 3312 tu
520 3248 647 3332 quidem
669 3248 735 3312 iam
761 3250 793 3312 te
819 3248 1010 3329 abstinebis,
1040 3249 1073 3310 et

37 3336 113 3401 cais
130 3336 356 3401 Democritum
379 3334 484 3400 dicere
507 3336 758 3401 innumerabiles
779 3357 848 3401 esse
867 3335 1016 3416 mundos,
1041 3337 1073 3397 et

70 3424 193 3507 quidem
212 3423 259 3490 sic
281 3424 438 3509 quosdam
455 3425 541 3489 inter
562 3445 632 3489 sese
650 3446 716 3490 non
734 3424 840 3488 solum
860 3423 994 3504 similes,
1017 3422 1075 3486 sed

10 3574 12 3597 ἰ
70 3512 203 3597 undique
225 3512 370 3595 perfecte
397 3515 432 3576 et
456 3513 604 3581 absolute
634 3513 683 3582 ita
711 3536 826 3604 pares,
854 3516 895 3582 ut
914 3512 1006 3579 inter
1033 3531 1094 3575 eos
