2346 3876
237 191 306 246 ΜΒ.
324 191 360 246 11.
388 189 464 246 cAP.
486 197 605 250 15—17.
633 199 788 260 see-ae.
955 195 1019 261 143

45 350 219 435 voluptates?
264 351 331 417 Cur
353 353 476 419 iustitia
499 355 671 420 laudatur?
701 359 758 419 aut
782 357 863 421 unde
886 361 936 422 est
956 358 1019 425 hoo

44 440 187 505 matritum
213 445 375 506 vetustate
401 444 622 527 proverbium:
656 443 824 528 ‘quicum
847 446 887 510 in
913 449 1017 512 tene·

42 525 136 592 bris'?
181 529 252 595 Hoe
275 529 397 595 dietum
418 532 454 595 in
477 554 542 595 una
563 553 596 595 re
619 531 776 597 latissime
798 536 903 616 patet,
926 538 963 598 ut
984 535 1019 599 in

41 617 162 682 omnibus
189 616 285 683 laetis
311 640 361 702 re,
386 640 453 684 non
478 623 561 684 teste
589 641 783 684 moveamur.
827 619 909 686 Sunt
931 623 1017 686 enim
1036 637 1072 684 oa

39 701 104 769 levia
122 709 152 769 et
172 706 371 791 perinfirma,
393 728 476 790 quae
498 706 686 773 dicebantur
708 731 728 773 a
749 714 797 793 te,
821 711 922 774 animi
944 733 1017 776 oon·

38 793 147 858 seientia
163 794 330 877 improbos
350 796 533 879 excruciari,
550 799 620 860 tum
640 797 738 879 etiam
755 819 877 880 poenae
893 797 1018 882 timore,

37 890 85 964 qia
107 885 159 946 aut
185 882 369 948 afficiantur
397 887 453 948 aut
481 905 606 967 semper
635 885 760 963 sintin
790 888 879 951 metu
900 908 941 951 ne
972 887 1018 951 af-

35 966 160 1034 fioisntur
192 970 374 1055 aliquando.
426 971 502 1038 Non
534 976 664 1056 oportet
694 973 843 1038 timidum
876 978 933 1038 aut
958 976 1017 1039 im-

35 1054 128 1122 beoillo
164 1059 273 1124 animo
309 1059 390 1144 fingi
423 1081 492 1126 non
523 1061 644 1126 bonum
674 1061 767 1125 illum
798 1061 916 1145 virum,
953 1064 1018 1148 qui,

35 1145 162 1230 quioquid
188 1147 312 1230 feeerit,
343 1149 412 1231 ipse
445 1170 479 1212 se
507 1149 627 1213 cruciet
657 1149 826 1233 omniaque
857 1150 1018 1234 formidet,

35 1231 205 1299 adomnia
231 1235 345 1300 callide
372 1235 564 1300 referentem
594 1237 634 1301 ad
660 1237 847 1322 utilitatem,
879 1244 1017 1323 acutum,

38 1326 190 1407 renatum,
213 1326 442 1402 veteratorem,
464 1324 561 1389 facile
584 1329 620 1389 ut
637 1327 897 1410 excogitet-quo
921 1329 1016 1394 modo

37 1411 147 1494 moute,
175 1412 243 1476 sine
269 1415 365 1494 teste,
397 1413 467 1477 sine
494 1412 562 1477 ullo
591 1413 718 1478 conscio
746 1413 849 1478 fallat.
900 1416 954 1481 An
980 1420 1017 1480 tu
1036 1431 1072 1478 54

36 1516 71 1561 ne
96 1499 131 1563 de
166 1497 201 1564 L.
238 1499 363 1565 Tubulo
399 1504 494 1584 putas
530 1499 658 1565 dicere?
695 1502 751 1585 qui
782 1523 854 1566 oum
886 1507 1017 1585 praetor

36 1588 232 1667 quaestionem
251 1587 338 1652 inter
356 1589 487 1653 sicarios
505 1589 712 1674 exercuisset,
733 1590 781 1654 ita
799 1594 909 1674 aperte
931 1593 1018 1674 oepit

35 1676 163 1753 pecunias
208 1675 250 1740 ob
295 1697 365 1741 rem
404 1676 626 1760 iudicandam,
666 1680 703 1741 ut
743 1699 827 1742 anno
869 1679 1016 1762 proximo

35 1757 59 1824 P.
81 1761 232 1833 Scaevola
262 1764 412 1829 tribunus
443 1765 547 1847 plebis
578 1765 677 1829 ferret
708 1766 749 1831 ad
780 1766 922 1849 plebem,
952 1769 1016 1832 vel-

35 1845 119 1916 lentne
148 1853 188 1917 de
221 1873 259 1915 ea
290 1873 324 1916 re
355 1853 475 1936 quaeri.
530 1851 600 1928 Quo
632 1853 803 1936 plebiscito
838 1854 967 1919 decreta
998 1878 1017 1919 a

35 1943 123 2004 senatu
146 1943 197 2005 est
220 1940 346 2006 consuli
368 1941 513 2023 quaestio
533 1939 590 2006 On.
609 1938 778 2024 Caepioni,
801 1942 964 2025 profectus
982 1943 1017 2008 in

35 2027 157 2093 exsilium
184 2027 329 2092 Tubulus
357 2029 468 2092 statim
495 2049 555 2093 neo
586 2030 777 2112 respondere
806 2051 915 2115 ausus,
947 2036 1017 2095 erat

35 2114 98 2179 uim
118 2137 170 2180 res
193 2119 315 2199 aperta.

79 2201 150 2271 Non
181 2205 282 2288 igitur
313 2205 352 2269 de
384 2204 545 2288 improbe,
577 2204 633 2269 sed
659 2206 695 2270 da
721 2205 837 2270 callido
867 2206 1015 2290 improbo
1028 2207 1069 2272 17

34 2292 206 2375 quaerimus,
229 2292 333 2377 qualis
356 2292 392 2368 Q.
415 2292 647 2377 Pompeiusin
668 2292 797 2357 foedere
816 2293 1015 2361 Numantino

34 2375 177 2447 hfiumdo
204 2379 280 2464 fuit,
306 2401 365 2445 nee
391 2402 466 2446 vero
490 2381 599 2447 omnia
620 2381 770 2465 timente,
799 2382 854 2446 sed
877 2383 1017 2466 primum

34 2467 70 2548 pri
90 2470 188 2533 animi
211 2469 442 2535 conscientiam
463 2491 527 2534 non
550 2471 651 2552 curet,
674 2490 770 2554 quam
789 2470 913 2534 scilieet
930 2493 1016 2537 com·

34 2555 147 2634 ptinere
174 2556 257 2620 nihil
285 2560 335 2620 est
360 2557 492 2642 negotii.
541 2556 574 2620 Is
601 2557 700 2642 enim,
729 2559 784 2642 qui
811 2560 954 2623 occultus
985 2563 1017 2624 et

34 2647 111 2710 setus
143 2643 275 2728 dieitur,
306 2648 434 2710 tantum
462 2646 554 2710 abest
579 2649 616 2709 ut
643 2668 677 2710 se
708 2645 840 2729 indicet,
872 2645 1017 2730 perficiet

34 2731 121 2816 itiam,
157 2736 194 2796 ut
230 2733 338 2798 dolere
377 2733 510 2798 alterius
549 2733 699 2817 improbo
735 2733 822 2798 faeto
860 2734 1016 2799 videatur.

34 2815 92 2894 laid
123 2825 174 2886 est
207 2821 292 2885 enim
324 2820 410 2886 aliud
447 2843 516 2886 esse
552 2820 739 2886 versutum?
796 2820 928 2886 Memini
964 2845 1015 2888 me
1034 2853 1069 2902 55
1118 2870 1121 2876 .

34 2907 119 2975 desse
146 2909 181 2973 P.
210 2907 344 2975 Sextilio
372 2909 470 2993 Rufe,
501 2931 572 2974 eum
599 2911 627 2972 is
654 2930 723 2973 rem
750 2909 790 2972 ad
818 2910 939 2975 amieos
968 2912 1016 2976 ita

34 2997 159 3081 elerret,
187 3018 221 3061 se
249 3019 318 3062 esse
345 2997 495 3062 heredem
523 2997 560 3073 Q.
589 2994 690 3061 Fadio
720 2996 826 3082 Galla
858 2998 948 3063 ouius
981 3000 1016 3064 in

34 3089 201 3151 tetamento
239 3085 395 3168 seriptum
430 3089 515 3150 esset
553 3107 586 3148 se
626 3084 667 3148 ab
704 3105 741 3149 eo
777 3089 943 3170 rogatum,
979 3092 1016 3151 ut

34 3175 112 3240 mnis
145 3173 307 3237 hereditas
341 3173 380 3237 ad
412 3173 514 3237 filiam
546 3173 733 3256 perveniret.
787 3173 825 3237 Id
862 3173 1015 3238 Sextilius

34 3264 128 3328 retum
155 3261 306 3346 negabat.
354 3261 487 3326 Poterat
515 3266 622 3326 autem
649 3261 793 3344 impune,
824 3262 896 3344 quis
929 3261 1016 3325 enim

34 3348 236 3436 edargueret?
286 3347 390 3414 Nemo
418 3353 566 3416 nostrum
594 3349 757 3432 credebat,
785 3353 919 3432 eratque
946 3349 1015 3412 veri

34 3440 147 3506 milius
174 3438 260 3502 huno
286 3438 429 3521 mentiri,
458 3438 547 3502 euius
573 3437 757 3518 interesset,
785 3458 882 3519 quam
913 3435 1015 3519 illum,

33 3530 58 3594 ri
84 3528 121 3593 id
150 3547 184 3591 se
211 3545 344 3608 rogasse
370 3526 566 3616 scripsisset,
594 3524 682 3614 quod
709 3523 878 3592 dehuisset
895 3543 1029 3609 rogare.
