2356 3870
294 178 363 235 ΗΒ.
382 181 404 235 1.
432 179 509 234 cap.
530 186 576 248 rr,
597 185 638 235 ιτ.
666 186 813 246 §ur-su
1006 179 1068 241 113

116 338 205 405 Huic
233 344 341 405 certae
371 341 544 425 stabilique
573 343 753 406 sententiae
786 364 868 426 qnae
899 342 964 406 sint
994 309 1120 433 con-15}

47 430 179 512 iuncta,
211 428 381 512 explicabo
413 430 511 494 brevi.
564 428 682 495 Nullus
714 430 748 493 in
780 430 860 513 ipsis
893 451 981 493 error
1018 432 1067 494 est

49 517 171 580 finibus
196 517 356 581 bonorum
379 518 608 601 etmalorum,
635 517 669 581 id
692 517 798 581 estin
821 517 988 599 voluptate
1012 521 1068 581 aut

50 606 84 668 in
116 604 245 688 dolore,
278 603 336 668 scd
362 604 397 669 in
424 605 465 668 iis
493 606 589 670 rebus
617 608 763 689 peccant,
791 626 876 688 cum,
904 627 920 668 e
950 605 1067 688 quibus

28 691 135 757 abaco
162 691 358 774 efficiantur,
384 692 545 776 ignorant.
600 693 712 759 Animi
744 696 853 757 autem
885 694 1067 775 voluptates

55 784 87 844 et
118 780 249 844 dolores
276 780 367 844 nasci
394 780 535 844 fatemur
563 802 580 844 e
608 782 750 865 corporis
783 781 1004 864 voluptatibus
1035 785 1068 844 et

56 868 239 953 doloribus3
262 867 372 951 itaque
393 868 543 951 concedo,
566 868 650 952 quod
674 869 769 934 modo
793 868 931 952 dicebas,
955 868 1067 932 cadere

57 976 166 1037 cansa,
190 955 219 1020 si
243 956 299 1040 qui
322 956 477 1020 anostris
497 956 592 1021 aliter
612 957 813 1040 existimant,
837 979 915 1041 quos
938 956 1067 1041 quidem

56 1043 149 1108 video
180 1064 252 1108 esse
280 1044 413 1127 multos,
441 1043 498 1109 sed
524 1045 706 1128 imperitos3
736 1066 929 1129 quamquam
959 1049 1068 1108 autem

28 1135 89 1194 oet
110 1131 272 1196 laetitiam
294 1131 390 1196 nobis
413 1133 563 1216 voluptas
586 1132 687 1198 animi
715 1137 748 1197 et
769 1134 952 1198 molestiam
975 1133 1068 1219 dolor

60 1219 184 1302 afferat,
215 1240 325 1284 eorum
352 1223 462 1284 tamen
484 1223 655 1305 utrumque
679 1224 713 1286 et
735 1224 841 1285 ortum
864 1242 934 1285 esse
958 1242 975 1284 e
998 1243 1066 1287 cor-

60 1328 132 1390 pore
160 1310 195 1371 et
222 1307 264 1372 ad
290 1329 407 1391 corpus
433 1307 561 1392 referri,
586 1329 646 1372 nec
673 1309 716 1373 ob
745 1331 815 1374 eam
844 1331 974 1373 causam
999 1330 1066 1374 non

60 1396 158 1461 multo
192 1395 333 1460 maiores
366 1417 436 1460 esse
469 1398 502 1460 et
533 1397 717 1480 voluptates
745 1399 778 1461 ct
807 1397 935 1462 dolores
966 1397 1066 1461 animi

61 1505 152 1566 quam
180 1483 341 1567 corporis..
385 1482 471 1548 Nam
499 1505 631 1568 corpore
658 1484 740 1548 nihil
767 1485 830 1549 nisi
857 1507 1010 1568 praesens
1034 1489 1067 1548 ct

35 1571 142 1654 squod
169 1571 264 1636 adest
290 1571 409 1636 sentire
436 1593 621 1656 possumus,
648 1572 756 1636 animo
786 1576 893 1635 autem
921 1575 953 1634 et
976 1594 1066 1654 pras-

61 1660 152 1724 terita
180 1663 213 1724 et
239 1659 357 1724 futura
406 1658 453 1724 Ut
481 1662 568 1724 enim
596 1680 695 1745 aeque
723 1659 887 1724 doleamus
919 1660 1066 1741 [anim0],

62 1768 127 1811 cum
150 1768 288 1832 corpore
312 1748 472 1830 dolemus,
499 1749 570 1812 fieri
591 1751 701 1812 tamen
724 1767 902 1833 permagna
925 1747 1065 1811 accessio

61 1839 178 1919 potest,
210 1836 240 1900 si
272 1835 402 1920 aliquod
430 1840 595 1900 aeternum
625 1838 659 1900 et
689 1836 851 1900 infinitum
882 1834 1065 1918 impendere

61 1923 178 1988 malum
205 1924 300 1988 nobis
329 1923 505 2007 opinemur.
555 1923 648 2000 Quod
675 1924 761 1988 idem
787 1925 864 1989 licet
890 1924 1065 1988 transferre

32 2011 90 2073 ain
107 2012 319 2095 voluptatem,
337 2014 375 2075 ut
392 2032 430 2075 ea
448 2012 552 2077 maior
569 2012 621 2096 sit,
644 2012 671 2076 si
689 2011 772 2075 nihil
790 2011 857 2076 talc
875 2015 1065 2076 metuamus.

60 2098 126 2163 lam
143 2098 226 2164 illud
244 2100 374 2183 quidem
392 2101 597 2183 perspicuum
615 2103 679 2182 est,
698 2100 797 2163 animi
816 2101 990 2164 maximam
1010 2103 1066 2164 aut
1085 2117 1118 2164 tu

60 2188 260 2271 voluptatem
284 2191 341 2252 aut
363 2189 546 2252 molestiam
563 2188 637 2271 plus
657 2190 712 2251 aut
731 2187 771 2251 ad
794 2188 923 2252 beatam
947 2191 1002 2252 aut
1025 2187 1065 2251 ad

59 2276 210 2340 miseram
233 2275 335 2339 vitam
369 2275 482 2340 afferre
506 2275 661 2340 momenti
689 2297 785 2359 quam
811 2298 921 2340 eorum
944 2281 1065 2338 utrum-

58 2364 118 2446 viS,
146 2364 176 2428 si
204 2383 302 2446 aeque
330 2363 385 2427 diu
412 2363 455 2427 sit
481 2365 515 2427 in
538 2385 678 2447 corpore.
723 2362 799 2429 Non
825 2363 934 2447 placet
957 2368 1065 2427 autern

31 2450 205 2516 adebracta
226 2451 392 2535 voluptate
415 2451 651 2535 aegritudinem
674 2452 786 2515 statim
810 2452 976 2533 consequi,
1000 2450 1065 2513 nisi

57 2540 90 2603 in
114 2539 295 2622 voluptatis
318 2538 423 2603 locum
449 2539 542 2604 dolor
566 2538 650 2604 forte
669 2539 871 2620 successerit3
896 2545 930 2601 at
953 2541 1066 2602 contra

58 2627 198 2712 gaudere
216 2630 344 2691 nosmet
363 2626 548 2691 omittendis
568 2626 747 2709 doloribus,
771 2626 898 2691 etiamsi
916 2625 1065 2708 voluptas

58 2735 106 2798 ea,
129 2736 214 2800 quae
237 2735 367 2779 sensum
390 2718 533 2798 moveat,
555 2716 646 2778 nulla
669 2715 871 2798 successerit;
896 2735 996 2798 eoque
1018 2713 1065 2776 in-

57 2803 169 2889 tellegi
195 2806 319 2887 potest,
347 2805 467 2887 quanta
493 2803 642 2885 voluptas
670 2803 713 2867 sit
739 2824 805 2867 non
833 2803 949 2868 dolere.
1002 2799 1064 2866 sed
1085 2819 1118 2866 57

30 2894 93 2955 unt
112 2892 155 2956 iis
179 2891 273 2956 bonis
293 2892 460 2975 erigimur,
482 2911 562 2974 quac
581 2894 818 2974 exspectamus,
842 2890 886 2955 sio
908 2892 1066 2955 laetamur

58 2979 110 3064 iis,
133 3001 217 3064 quae
239 2978 451 3044 recordamur.
487 2977 586 3042 Stulti
605 2981 712 3042 autem
734 2978 891 3043 malorum
910 2979 1066 3043 memoria

58 3071 262 3152 torquentur,
299 3067 462 3151 sapientes
498 3066 584 3131 bona
621 3067 797 3150 praeterita
832 3070 926 3152 grata
962 3088 1065 3132 recor-

60 3153 187 3221 datione
205 3159 361 3220 ronovata
381 3155 551 3219 delectant.
588 3153 649 3218 Est
668 3158 775 3218 autem
792 3156 891 3219 situm
908 3156 944 3219 in
961 3154 1065 3235 nobis,

10 3316 12 3331 ι
59 3246 95 3307 ut
118 3247 153 3308 et
181 3243 315 3308 adversa
343 3243 435 3327 quasi
461 3245 617 3325 perpetua
644 3243 806 3307 oblivione
836 3244 1009 3308 obruamus
1033 3245 1066 3304 et

33 3331 195 3397 racundo
218 3330 355 3395 iucunde
383 3352 420 3395 ac
448 3330 590 3395 suaviter
614 3331 861 3396 meminerimus.
907 3329 970 3396 Sed
992 3350 1064 3394 cum

62 3436 109 3503 ea,
134 3440 218 3506 quae
245 3419 495 3503 praeterierunt,
523 3419 589 3482 acri
617 3418 724 3483 animo
748 3422 782 3483 et
811 3421 937 3483 attento
961 3419 1063 3481 intue-

63 3524 142 3591 nur,
164 3511 236 3572 tum
254 3507 305 3590 fit,
327 3510 365 3571 ut
383 3505 551 3591 aegritudo
571 3509 737 3590 sequatur,
758 3506 787 3570 si
808 3506 867 3570 illa
885 3506 971 3570 mala
989 3505 1066 3588 sint,

109 3618 164 3661 (πο.
176 3620 217 3661 1v.
241 3621 260 3659 1.
560 3624 565 3633 ·
833 3613 851 3664 t
