2346 3876
100 159 166 224 326
295 156 592 212 Tuscunnunaun
611 156 915 213 Dlsrurfflouun

101 342 207 405 amus3
231 321 282 384 sin
301 324 409 385 autem
426 319 511 383 nihil
533 319 792 398 denuntiabitur,
815 341 853 384 eo
875 324 987 384 tamen
1009 321 1097 383 simus

100 409 222 490 animo,
244 410 281 473 ut
301 408 494 473 horribilem
511 407 606 470 illum
629 407 714 471 diem
738 407 827 484 aliis,
849 408 947 473 nobis
968 408 1098 472 faustum

100 501 249 580 putemus
277 496 420 580 nihilque
447 496 481 559 in
509 495 603 560 malis
632 494 800 578 ducamus,
826 495 916 578 quod
943 497 989 560 sit
1015 495 1098 559 vela

102 585 152 649 dis
179 585 405 649 inmortalibus
435 583 487 647 vel
514 604 535 646 a
561 585 678 647 natura
704 586 840 667 parente
867 585 1013 648 omnium
1039 605 1099 647 eou-

102 675 262 737 stitutum.
298 671 374 737 Non
392 671 477 736 enim
495 675 616 735 temere
635 693 694 735 nec
715 670 852 736 fortuito
871 673 936 736 sati
958 676 993 735 et
1013 671 1118 736 creatis

102 783 226 842 sumus,
258 758 314 824 scd
341 759 486 844 profecto
514 759 577 822 fuit
603 759 762 843 quaedam
793 760 857 843 vis,
889 781 972 843 quae
1004 759 1101 845 generi

102 848 286 914 consuleret
310 848 451 913 humano
478 869 538 912 nec
565 846 598 910 id
624 847 774 932 gigneret
800 852 859 912 aut
885 848 1002 931 aleret,
1029 845 1101 931 quud

102 959 176 1001 cum
206 937 440 1001 exanclavisset
470 956 583 999 omnes
612 935 757 1018 labores,
788 939 859 998 tum
890 935 1101 1000 incideretin

102 1025 217 1091 mortis
245 1025 366 1089 malum
394 1023 639 1109 sempiternum
666 1026 797 1107 portum
823 1023 934 1106 potius
964 1027 1102 1107 paratum

51 1133 101 1182 lle
125 1113 220 1178 uobis
239 1117 272 1176 et
289 1112 473 1197 perfugium
490 1115 649 1195 putemus.
681 1111 752 1186 Quo
766 1110 892 1174 utinam
905 1111 990 1193 velis
1008 1110 1103 1195 passis
1113 1135 1130 1172 a

102 1200 234 1284 pervehi
253 1200 361 1265 liceat!
394 1198 451 1263 Sin
469 1199 659 1264 reflantibus
676 1199 781 1264 ventis
804 1199 986 1282 reiciemur,
1003 1205 1103 1264 tanen

102 1288 213 1353 eodem
252 1287 350 1370 paulo
381 1287 505 1352 tardius
536 1288 712 1352 referamur
743 1307 876 1351 necasse
906 1291 966 1352 est
1022 1285 1103 1386 Quod

103 1379 211 1440 autem
239 1375 388 1441 omnibus
415 1396 546 1440 neeesse
574 1380 637 1458 est,
608 1375 741 1441 tidne
771 1376 926 1439 miserum
954 1397 1026 1440 esse
1055 1374 1103 1438 uui

102 1463 232 1547 potest?
270 1463 381 1528 Habes
404 1464 583 1548 epilogum,
604 1425 644 1528 nh
667 1462 743 1547 quid
766 1464 1033 1547 praetermissum
1055 1464 1104 1528 aut

103 1552 251 1616 relictum
275 1556 377 1637 putes
1115 1573 1132 1612 1⁵

168 1640 210 1705 A.
236 1640 309 1725 Ego
332 1662 422 1722 veru,
449 1643 482 1704 et
509 1639 637 1723 quidem
660 1638 739 1704 fecit
763 1640 861 1703 etium
884 1639 950 1703 iste
973 1662 1026 1704 me
1048 1638 1103 1722 epi-

102 1730 198 1812 logus
220 1729 404 1794 firmiorem.

168 1822 213 1880 M
238 1814 383 1900 Optime,
404 1817 544 1899 inquam.
591 1813 653 1880 Sed
667 1837 760 1880 nunc
785 1816 914 1899 quidem
937 1815 1105 1881 valetudini

102 1905 283 1968 tribuamus
307 1904 442 1988 aliquid,
465 1926 536 1968 cras
555 1907 676 1986 autem,
699 1907 733 1967 et
750 1907 830 1987 quot
847 1903 922 1967 dies·
936 1905 1057 1968 erimus
1075 1903 1106 1966 iu

103 1991 302 2074 Tusculano,
324 2013 459 2076 agamus
476 1993 555 2056 haec
573 1995 608 2055 et
625 2013 663 2055 ea
683 1992 902 2076 potissimum,
926 2013 1011 2076 quae
1028 1993 1105 2057 leua-
1116 2013 1136 2052 a

102 2080 223 2143 tionem
236 2079 379 2145 habeant
393 2079 642 2164 aegritudinum,
655 2079 874 2160 formidinum,
890 2080 1106 2162 cupiditatum,

103 2168 158 2250 qui
181 2167 271 2232 omni
293 2189 310 2232 e
330 2168 540 2252 philosophia
563 2171 614 2231 est
635 2167 759 2231 fructus
782 2168 975 2233 uberrimus.

500 2331 507 2335 .
512 2328 648 2337 ...-.,-..-,
653 2329 711 2336 ..·—-

348 2454 397 2525 M.
426 2451 588 2523 TULLII
615 2451 863 2524 CICERONIS

168 2615 592 2703 TUSCULANARUM
624 2614 1051 2714 DISPUTA'PIONUM

467 2762 516 2814 AD
536 2761 572 2813 M.
591 2761 746 2815 BRUTUM

431 2893 553 2985 urana
576 2891 784 2952 snouuous

328 3009 388 3074 Du
411 3009 678 3080 TOLERANDO
701 3009 886 3076 DOLORE.

430 3242 831 3303 ARGUMEN'PUM.

174 3360 243 3414 Post
265 3359 487 3414 cohortationem
511 3357 547 3410 ad
570 3359 777 3438 philosophiam
796 3359 948 3444 diligenter
967 3361 1113 3418 colendam

102 3433 133 3485 et
150 3429 264 3484 Latinis
278 3429 475 3484 illustrandam
488 3427 591 3482 litteris
607 3431 678 3499 (cap
695 3438 749 3483 1—
757 3433 783 3497 3)
803 3447 895 3485 sermo
909 3433 940 3486 in
954 3433 1112 3488 Tusculano

98 3502 141 3556 de
169 3501 290 3558 dolore
316 3499 499 3557 tolerando
526 3498 669 3555 institimus
693 3500 849 3569 exponitur.
885 3503 913 3556 Ie
941 3503 1055 3558 ducitur
1077 3503 1113 3557 ab
