2346 3876
103 172 168 236 388
297 170 596 225 TUSCULANARUM
613 171 921 226 DISPUTATIONUM

101 335 288 399 firmissima
297 337 356 416 111,
369 333 410 396 ad
423 337 552 416 tempus
563 332 774 416 aegritudinis
785 333 937 398 difficilis
959 333 1097 418 Magnum

102 445 184 507 opus
207 426 257 486 est
279 422 417 505 probare
439 421 596 484 maerenti
619 420 713 483 illum
736 442 794 484 suo
817 421 938 485 iudicio
962 425 1007 499 et,
1028 419 1097 504 quod

102 533 137 574 se
160 512 208 575 ita
229 514 323 594 putet
345 513 494 592 oportere
517 509 635 592 facere,
663 529 816 572 maerere.
867 509 1031 573 Nimirum
1049 508 1097 592 igi-

102 603 169 681 tur,
190 603 228 663 ut
250 599 286 661 in
307 597 412 662 causis
430 618 498 660 non
516 617 644 679 semper
664 596 789 660 utimur
808 597 922 660 eodem
946 601 1030 661 statu
1050 594 1097 679 (sic

103 688 191 751 enim
228 685 427 770 appellamus
465 684 759 748 controversiarum
795 682 946 770 genera),
983 686 1036 749 sed
1066 682 1114 746 ada

102 778 243 859 tempus,
272 774 313 837 ad
340 772 577 837 controversiae
603 776 768 854 naturam,
795 773 838 836 ad
864 795 1038 856 personam
1059 791 1096 834 ae-

104 863 359 944 commodamus,
384 861 432 924 sic
453 860 489 923 in
507 859 711 943 aegritudine
729 859 889 944 lenienda,
911 883 1008 944 quam
1030 859 1098 944 quis·

104 972 164 1033 que
188 950 386 1014 curationem
403 948 551 1032 recipere
573 948 691 1032 possit,
713 946 888 1012 videndum
911 952 972 1013 est

50 1048 84 1096 80
170 1037 232 1102 Sed
253 1038 363 1101 nescio
391 1057 455 1119 quo
477 1039 574 1119 pacto
597 1035 639 1099 ab
663 1057 715 1118 eo,
742 1035 829 1118 quod
852 1039 925 1100 erat
946 1059 968 1100 a
988 1040 1021 1101 ta
1040 1055 1098 1119 pro·

102 1126 258 1209 positum,
281 1124 445 1188 aberravit
463 1123 578 1188 oratio.
614 1123 664 1186 Tu
681 1123 767 1187 enim
790 1123 831 1187 de
849 1125 999 1208 sapiente
1021 1143 1123 1209 quaec

104 1214 214 1296 sieras,
233 1212 284 1275 cui
302 1216 360 1275 aut
378 1211 501 1275 malum
519 1211 620 1275 rideri
638 1211 763 1274 nullum
780 1214 900 1294 potest,
919 1214 1007 1296 quod
1023 1212 1101 1277 vacet

102 1299 316 1383 turpitudine,
343 1302 401 1364 aut
425 1299 473 1363 ita
500 1320 636 1382 parrum
663 1298 797 1380 malum,
830 1303 867 1362 ut
896 1299 931 1363 id
961 1301 1100 1366 obruatur

104 1388 263 1471 sapientia
284 1389 401 1471 vixque
424 1390 594 1471 appareat,
617 1387 672 1470 qui
689 1387 774 1451 nihil
793 1387 948 1470 opinione
972 1388 1100 1472 adfingat

104 1476 314 1560 adsumatque
333 1475 374 1539 ad
393 1475 636 1560 aegritudinem,
653 1496 714 1539 nec
731 1474 766 1538 id
782 1479 877 1558 putet
893 1497 966 1542 esse
984 1479 1101 1554 rectum,

104 1587 138 1640 11
161 1585 258 1650 quam
276 1563 415 1628 maxime
433 1563 609 1627 excruciari
631 1562 784 1647 luctuque
806 1563 939 1647 confici,
962 1587 1024 1649 quo
1044 1581 1126 1649 praa

103 1653 174 1717 vius
196 1652 280 1717 nihil
303 1673 374 1716 1111
395 1651 508 1734 possit.
553 1649 696 1715 Edocuit
716 1655 827 1715 tamen
849 1653 950 1736 ratio,
976 1657 1015 1718 ut
1033 1649 1102 1717 mihi

104 1740 234 1824 quidem
252 1739 392 1821 videtur,
415 1759 488 1803 cum
506 1739 568 1803 hoc
585 1740 694 1821 ipsum
714 1740 844 1822 proprie
861 1761 930 1804 non
949 1759 1102 1825 quaerere·

102 1832 158 1892 tur
179 1828 242 1894 hoc
263 1830 421 1912 tempore,
448 1849 528 1890 num
555 1827 640 1910 quod
663 1831 749 1892 esset
775 1827 912 1905 malum,
942 1829 1008 1893 nisi
1030 1825 1103 1912 quod

103 1917 189 1980 idem
211 1916 274 1981 dici
295 1920 390 1998 turpe
412 1919 536 1999 posset,
560 1919 671 1978 tamen
689 1918 726 1979 ut
744 1915 941 1999 rideremus,
965 1913 1103 2000 quiequid

104 2008 190 2069 esset
216 2005 251 2067 in
278 2003 479 2087 aegritudine
507 2003 600 2085 mali,
628 2002 661 2065 id
684 2023 749 2068 non
771 2003 923 2068 naturale
946 2026 1032 2089 esse,
1056 2001 1128 2068 seda

103 2091 286 2156 voluntario
322 2091 441 2155 iudicio
478 2094 511 2154 et
552 2090 715 2175 opinionis
752 2112 860 2155 errore
902 2096 1102 2158 contractum·

50 2188 82 2236 81
104 2178 291 2243 Tractatum
319 2183 369 2244 est
396 2182 506 2243 autem
533 2201 553 2242 a
579 2178 674 2243 nobis
701 2179 736 2242 id
765 2200 867 2264 genus
892 2179 1103 2264 aegritudinis,

104 2267 189 2350 quod
220 2289 320 2330 unum
352 2270 402 2332 est
433 2266 578 2331 omnium
608 2288 808 2350 maxumum,
840 2271 877 2331 ut
914 2290 954 2334 eo
987 2269 1102 2334 sublato

103 2355 300 2440 reliquorum
332 2354 474 2419 remedia
504 2376 546 2418 na
577 2374 774 2439 magnopere
809 2357 995 2438 quaerenda
1030 2354 1103 2421 arbi·

102 2449 270 2508 traremur.
1114 2459 1130 2501 1

50 2534 93 2597 34
171 2530 255 2595 Sunt
276 2530 363 2596 enim
385 2533 487 2614 certa,
511 2552 593 2615 quae
617 2531 656 2595 de
678 2533 887 2615 paupertate,
909 2535 1009 2616 certa,
1033 2550 1104 2616 quae

102 2619 228 2684 devita
251 2619 446 2684 inhonorata
469 2621 501 2682 et
523 2619 663 2702 ingloria
685 2618 750 2683 dici
773 2619 913 2702 soleant,
937 2584 1105 2704 sepiaratim

103 2711 209 2771 certae
237 2706 367 2771 scholae
389 2709 465 2770 sunt
450 2706 526 2770 tde
548 2706 659 2789 exilio,
686 2703 725 2770 de
752 2707 888 2771 interitu
909 2709 1048 2791 patriae,
1071 2706 1105 2770 de

103 2795 273 2876 servitute,
300 2794 339 2858 de
366 2793 534 2858 debilitate
538 2793 613 2876 ,de
641 2794 810 2876 caecitate,
839 2793 879 2858 de
910 2797 1001 2860 omni
1030 2815 1105 2873 casu,

102 2880 138 2981 111
164 2903 227 2964 quo
255 2902 373 2946 nomeu
400 2882 478 2965 poni
508 2882 590 2946 solet
621 2882 798 2946 calamitat
774 2885 827 2946 111
879 2881 973 2949 Η111
1003 2842 1133 2948 Graecia

102 2968 308 3068 msingulas
337 2968 521 3034 scholas
488 2972 578 3034 e
542 2969 753 3055 msingulos
780 2970 881 3035 libros
906 2971 1107 3055 dispertiunt

103 3077 184 3139 opus
208 3054 295 3119 enim
318 3061 487 3141 qu3aerunt
514 3079 710 3142 quamquam
738 3058 853 3141 plenae
876 3017 1107 3142 disputationei

50 3155 84 3204 82
104 3143 242 3208 delectat
193 3142 326 3207 tationis
350 3148 434 3210 sunt
470 3145 515 3209 Et
501 3148 661 3229 ttamen,
683 3149 720 3209 ut
743 3145 860 3210 medici
883 3150 956 3218 toto
981 3165 1107 3230 corpore

86 3231 257 3333 oprando
255 3231 414 3309 minimae
435 3233 535 3297 etiam
555 3233 659 3333 parti,
683 3235 711 3298 si
733 3233 913 3316 condoluit,
936 3233 1107 3312 medentur,

87 3319 164 3389 sit...
162 3305 406 3421 philosophia
404 3343 477 3385 cum
507 3321 691 3385 universam
713 3321 958 3423 aegritudinem
974 3321 1133 3402 sustulito

102 3405 277 3493 1111111111
245 3428 261 3470 1
263 3407 357 3491 tiam,
380 3407 408 3472 si
427 3408 499 3493 quis
519 3429 608 3472 error
626 3409 772 3473 alicunde
791 3409 913 3488 extitit,
931 3410 961 3474 si
978 3429 1106 3493 pauper·

77 3483 160 3567 ass·
172 3491 378 3586 momordit
409 3496 440 3564 si
469 3495 653 3584 ignomirda
674 3497 828 3579 pupugit,
856 3496 886 3562 11
918 3499 997 3582 quid
1026 3502 1107 3562 tenc
