2346 3876
282 180 349 235 um.
368 181 401 237 v.
430 179 506 236 cac.
526 186 647 236 ee-ee.
673 185 846 248 soa-101.
1002 181 1068 246 459

60 342 261 425 parsimonia
292 342 505 424 delectantur,
538 345 576 406 ut
607 343 645 407 de
676 341 937 406 Lacedaemoniis
969 343 1068 426 paulo

61 433 139 494 ante
162 430 309 494 diximus.
344 429 515 494 Persarum
538 428 789 513 aXenophonte
809 430 914 494 victus
938 431 1068 514 exponi·

60 520 129 600 tur,
153 538 232 601 quos
255 521 354 601 negat
376 518 416 582 ad
438 540 554 602 punem
574 518 724 583 adhibere
748 517 919 602 quicquam
941 523 1069 601 praeter

61 605 271 670 nasturcium.
322 605 537 690 Quamquam,
560 607 588 671 si
611 606 768 690 quaedam
790 606 888 671 etiam
918 606 1068 670 suaviora

23 719 48 760 5
61 697 180 758 natura
206 693 377 776 desideret,
403 716 500 777 quam
527 694 630 760 multa
656 715 694 758 ex
721 697 808 758 terra
836 693 1068 777 arboribusque

61 781 241 866 gignuntur
264 802 335 846 cum
359 783 452 864 copia
474 782 575 866 facili,
602 786 672 847 tum
696 781 854 846 suavitate
876 781 1067 864 praestanti!

61 868 156 932 Adde
179 869 370 952 siccitatem,
398 890 479 953 quae
502 872 710 955 consequitur
731 869 814 934 hanc
838 868 1068 934 continentiam

62 957 98 1020 in
125 957 224 1040 victu,
252 957 337 1020 adde
367 956 587 1041 integritatem
619 956 827 1041 valetudinis,
857 955 966 1022 confer
994 969 1121 1021 su-100

62 1044 186 1127 dantis,
222 1043 392 1127 ructantis,
428 1045 564 1111 refertos
602 1046 704 1129 epulis
740 1047 907 1129 tamquam
941 1045 1068 1128 opimos

10 1155 48 1201 ro
62 1133 177 1216 boves,
209 1136 279 1196 tum
309 1132 493 1216 intelleges,
532 1133 586 1217 qui
618 1133 815 1216 voluptatem
846 1131 985 1196 maxime
1021 1153 1068 1197 se-

63 1223 215 1304 quantur,
238 1240 292 1284 eos
311 1220 443 1284 minime
463 1220 628 1304 consequi,
649 1220 942 1305 iucunditatemque
965 1219 1068 1286 victus

62 1328 135 1371 esse
158 1308 192 1370 in
214 1307 386 1390 desiderio,
407 1329 473 1372 non
496 1308 531 1371 in
554 1308 711 1374 satietate.

130 1394 344 1475 Timotheum,
362 1395 484 1458 clarum
501 1395 665 1460 hominem
680 1394 819 1472 Athenis
839 1399 872 1459 et
889 1396 1068 1480 principem
1078 1393 1121 1458 35

63 1482 219 1562 civitatis,
242 1481 365 1564 ferunt,
389 1503 461 1546 cum
480 1483 659 1548 cenavisset
677 1483 763 1567 apud
781 1482 949 1548 Platonem
968 1503 1069 1567 eoque

10 1596 48 1638 15
63 1570 209 1634 convivio
242 1570 412 1634 admodum
444 1570 622 1635 delectatus
655 1573 740 1636 esset
770 1570 966 1654 vidissetque
996 1592 1069 1635 eum

61 1657 234 1742 postridie,
270 1657 400 1722 dixisse:
446 1656 626 1723 ‘Vestrae
663 1658 812 1743 quidem
848 1679 963 1724 cenae
994 1680 1070 1723 non

64 1747 188 1810 solum
223 1745 263 1809 in
297 1747 531 1829 praesentia,
565 1748 633 1811 sed
671 1747 785 1811 etiam
820 1748 977 1830 postero
1009 1745 1070 1811 die

63 1831 251 1897 iucundae
274 1832 383 1898 sunt?
420 1832 516 1916 Quid,
539 1834 623 1918 quod
641 1856 682 1899 ne
700 1837 807 1899 mente
831 1833 959 1918 quidem
983 1836 1069 1897 recte

62 1921 113 1985 uti
143 1942 314 2004 possumus
341 1921 442 1985 multo
471 1921 543 1986 cibo
571 1926 604 1987 et
629 1924 761 2006 potione
792 1920 963 2004 completi?
1007 1919 1071 1986 Est

18 2035 50 2077 ao
63 2009 230 2093 praeclara
257 2009 396 2093 epistula
422 2008 568 2074 Platonis
593 2010 634 2074 ad
656 2009 771 2075 Dionis
793 2009 1005 2093 propinquos,
1036 2009 1070 2073 in

65 2118 130 2181 qua
152 2096 308 2179 scriptum
331 2100 381 2160 est
401 2095 453 2160 his
478 2096 545 2161 fere
567 2098 689 2164 verbis:
722 2097 817 2173 ‘Quo
840 2118 921 2162 cum
943 2096 1069 2161 venis-

65 2205 156 2266 sem,
178 2184 260 2248 vita
277 2183 348 2248 illa
366 2184 492 2268 beata,
515 2206 610 2269 quae
628 2187 837 2268 ferebatur,
860 2185 973 2268 plena
990 2183 1069 2248 Ita-

64 2272 224 2334 licarum
269 2269 634 2357 Syracusiarumque
684 2290 911 2356 mensarum,
961 2272 1070 2338 nullo

65 2359 174 2424 modo
207 2359 300 2422 mihi
331 2359 494 2442 placuit,
525 2359 584 2424 bis
617 2361 655 2424 in
687 2361 747 2425 die
777 2363 947 2425 saturum
979 2360 1070 2424 fieri

24 2471 51 2514 aa
65 2466 133 2510 nec
155 2467 330 2530 umquam
347 2450 577 2530 pernoctare
596 2449 719 2512 solum
738 2451 953 2531 ceteraque,
976 2467 1070 2530 quae

65 2534 301 2598 comitantur
330 2533 418 2599 huic
449 2535 564 2618 vitae,
597 2535 637 2600 in
668 2558 741 2619 qua
773 2535 930 2619 sapiens
960 2555 1069 2600 nemo

66 2621 265 2685 efficietur
291 2643 477 2705 umquam,
504 2623 722 2688 moderatus
745 2644 832 2688 vero
858 2622 978 2687 multo
1001 2622 1069 2686 mi·

64 2731 143 2774 nus.
189 2708 289 2784 Quae
313 2709 412 2773 enim
434 2713 673 2776 maturatam
698 2709 932 2775 mirabiliter
956 2713 1047 2774 tem·
1072 2729 1121 2779 101

65 2797 193 2880 peruri
215 2795 384 2880 potestl'
430 2797 500 2872 Quo
523 2799 618 2863 modo
646 2799 746 2883 igitur
767 2797 905 2863 iucunda
927 2797 994 2861 vita
1016 2818 1070 2880 po·

23 2909 52 2953 eo
65 2888 132 2949 test
150 2905 232 2967 esse,
252 2907 271 2948 a
289 2905 353 2967 qua
372 2885 459 2949 absit
476 2885 658 2967 prudentia,
678 2887 765 2951 absit
781 2885 983 2951 moderatio?
1019 2883 1071 2950 Ex

65 2993 129 3056 quo
162 2970 398 3055 Sardanapalli,
432 2973 670 3055 opulentissimi
702 2972 814 3057 Syriae
845 2973 945 3056 regis,
982 2993 1070 3039 error

65 3059 285 3144 adgnoscitur,
311 3059 367 3142 qui
388 3060 488 3124 incidi
510 3061 605 3126 iussit
627 3061 661 3126 in
683 3061 792 3127 busto:
819 3124 821 3128 ,

130 3234 234 3300 Haeo
263 3233 397 3318 habeo,
426 3256 522 3319 quae
550 3237 623 3319 edi,
650 3258 821 3322 quaeque
847 3239 1070 3338 ereaturata

53 3428 57 3439 ⁷
130 3409 284 3494 Hausit3
315 3415 355 3475 at
385 3411 455 3475 illa
486 3411 616 3477 iacent
647 3412 768 3476 multa
799 3414 836 3475 et
857 3323 1071 3563 Ιῖἷξὲὲἰὴτα

834 3520 982 3563 re1ca.
