2356 3870
120 182 184 246 198
286 181 334 234 DE
353 179 497 234 FINIBUS
515 172 695 234 BONORUM
712 179 760 233 ΕΤ
778 179 962 234 MALORUM

117 365 272 427 umquam
296 344 442 426 captiosa
465 341 695 426 probabilitate
718 341 884 425 fallamur,
908 364 1022 426 eaque,
1047 365 1110 426 qua

118 432 156 495 de
193 432 286 494 bonis
320 437 353 495 et
384 431 480 495 malis
517 430 734 513 didicerimus,
769 434 806 493 ut
836 435 946 494 tenere
981 432 1110 516 tueriqu

117 520 290 603 possimus.
335 519 421 583 Nam
445 519 513 582 sine
535 518 597 581 hac
620 521 688 581 arte
714 519 858 599 quemvis
882 519 1111 583 arbitrantur:

117 629 192 671 vero
217 607 331 671 abduci
354 607 486 690 fallique
509 627 613 688 posse.
663 605 761 669 Recte
784 606 898 690 igitur,
924 608 952 670 si
977 608 1112 671 omnibu

117 696 151 759 in
178 695 274 758 rebus
302 695 468 758 temeritas
497 693 723 777 ignoratioque
750 694 869 757 vitiosa
898 698 961 777 est,
995 717 1049 759 ars
1083 718 1111 760 ea

118 804 198 866 quae
222 770 309 846 tollit
331 782 424 867 haec,
447 783 551 845 virtus
573 781 742 845 nominata
767 785 824 845 est.

65 852 107 946 22
183 870 351 953 Physioae·
364 891 489 954 quoque
508 891 573 934 non
592 870 661 933 sine
684 891 781 934 causa
803 870 944 934 tributus
968 871 1063 935 idem·
1080 894 1111 936 es

65 930 98 976 ⁷³
117 959 235 1041 honos,
276 961 449 1042 propterea
490 956 588 1041 quod,
629 959 685 1040 qui
725 959 951 1022 convenienter
992 963 1111 1023 natura

117 1047 260 1111 victurus
294 1046 350 1129 sit,
383 1047 412 1109 ei
444 1045 710 1129 proficiscendum
742 1049 791 1108 est
819 1046 860 1109 ab
888 1047 978 1110 omni
1007 1048 1111 1111 mund

118 1138 214 1218 atque
247 1135 288 1197 ab
321 1134 388 1197 eius
416 1133 651 1216 procuratione.
701 1132 873 1197 Nec=vero
901 1135 1012 1217 potest
1041 1136 1111 1218 quis

117 1244 215 1304 quam
247 1221 286 1284 de
319 1222 411 1285 bonis
449 1224 482 1285 et
516 1221 611 1286 malis
649 1241 723 1284 vere
760 1221 900 1284 iudicare
936 1223 1001 1286 nisi
1040 1246 1111 1286 omn

119 1308 250 1392 cognita
280 1310 406 1372 ratione
438 1312 573 1373 naturae
601 1312 634 1372 et
660 1309 748 1372 vitae
780 1309 878 1372 etiam
912 1309 1063 1394 deorum,
1095 1331 1111 1372 e

117 1400 227 1460 utrum
250 1397 420 1460 conveniat
441 1418 540 1461 necne
563 1399 681 1460 natura
705 1396 847 1461 hominis
871 1419 944 1461 oum
968 1399 1111 1462 universa

118 1485 269 1568 Quaeque
293 1488 368 1549 sunt
385 1487 495 1549 vetera
513 1488 684 1568 praecepta
704 1485 913 1568 sapientium,
936 1487 991 1568 qui
1014 1486 1111 1550 iuben

117 1573 282 1657 tempori
309 1594 443 1656 parere
471 1575 504 1636 et
526 1572 634 1655 sequi
657 1571 764 1635 deum
788 1577 820 1636 et
847 1572 1070 1638 senescere
1095 1593 1111 1634 e

117 1661 217 1725 nihil
240 1662 369 1743 nimis,
397 1661 476 1725 haec
504 1661 572 1723 sine
599 1659 744 1743 physicis
773 1683 871 1744 quam
893 1661 961 1724 vim
984 1662 1111 1726 habean

118 1747 165 1833 (et
196 1750 318 1813 habent
347 1745 551 1832 maximam),
583 1747 689 1810 videre
720 1770 815 1811 nemo
847 1752 965 1831 potest.
1019 1749 1108 1831 Atqu

36 1900 52 1919 ,,
118 1838 217 1901 etiam
241 1838 281 1901 ad
303 1836 462 1900 iustitiam
486 1836 668 1916 colendam,
693 1835 733 1898 ad
756 1836 891 1899 tuendas
911 1837 1070 1901 amicitias
1093 1853 1110 1895 e

116 1926 256 2009 reliquas
276 1925 428 1988 caritates
448 1924 524 2006 quid
541 1927 657 1987 natura
675 1924 790 2006 valeat,
810 1923 888 1987 haec
902 1946 967 1987 una
981 1921 1111 2009 cogniti(

116 2016 224 2096 potest
250 2012 385 2076 tradere.
433 2010 501 2075 Nec
528 2032 604 2075 vero
631 2012 734 2094 pietas
764 2012 915 2075 adversus
945 2011 1036 2096 deos,
1064 2026 1111 2074 net

117 2104 237 2184 quanta
260 2101 300 2164 iis
329 2100 435 2183 gratia
458 2098 625 2181 debeatur,
653 2099 721 2162 sine
750 2099 962 2181 explicatione
990 2105 1111 2163 naturae

65 2202 99 2250 74
118 2188 263 2272 intellegi
285 2191 401 2270 potest.
439 2185 502 2251 Sed
524 2187 591 2250 iam
614 2188 717 2250 sentio
736 2208 786 2250 me
806 2209 876 2250 esse
899 2187 1029 2271 longius
1050 2202 1111 2270 pro·

117 2281 258 2358 vectum,
280 2298 376 2358 quam
398 2275 567 2359 proposita
589 2275 673 2338 ratio
696 2276 885 2357 postularet.
925 2274 1047 2340 Verum
1068 2269 1111 2336 ad·

118 2364 276 2428 mirabilis
312 2363 507 2446 compositio
548 2362 736 2444 disciplinae
777 2362 1037 2448 incredibilisque
1070 2375 1111 2422 me

117 2474 224 2517 rerum
243 2452 343 2516 traxit
361 2450 454 2534 ord03
478 2472 585 2534 quem,
607 2472 666 2533 per
687 2449 764 2515 deos
781 2451 997 2515 immortales!
1019 2463 1111 2514 nonne

118 2541 267 2606 miraris?
324 2539 407 2614 Quid
440 2539 525 2604 enim
553 2542 608 2602 aut
641 2536 675 2601 in
707 2543 836 2621 natura,
868 2560 931 2621 qua
962 2539 1043 2602 nihil
1071 2532 1111 2596 est

117 2630 237 2713 aptius,
264 2628 346 2692 nihil
368 2627 569 2710 discriptius,
600 2627 711 2690 autin
735 2626 885 2709 operibus
909 2620 1110 2691 manufactis

116 2721 184 2781 tam
204 2716 418 2799 compositum
440 2718 570 2797 tamque
592 2717 795 2796 compactum
814 2717 846 2776 et
865 2717 1111 2798 coagmentatum

116 2805 254 2868 inveniri
280 2803 411 2886 potest?
440 2802 516 2886 quid
544 2802 705 2885 posterius
733 2802 833 2884 priori
862 2823 928 2866 non
953 2794 1111 2867 convenit?

13 2959 16 2964 ,
117 2893 192 2977 quid
220 2892 376 2975 sequitur,
404 2890 490 2974 quod
519 2911 585 2954 non
611 2890 815 2974 respondeat
834 2890 1015 2972 superiori?
1047 2882 1111 2973 quid

115 3002 181 3045 non
209 2980 256 3044 sic
283 2978 371 3043 aliud
399 3000 438 3042 ex
462 2977 526 3042 alio
549 2977 702 3059 nectitur,
729 2981 780 3060 ut,
808 2977 836 3040 si
858 2978 959 3041 ullam
984 2979 1111 3041 litteram

116 3068 269 3150 moveriS,
306 3067 418 3131 labent
445 3065 575 3131 omnia?
628 3063 697 3128 Nec
724 3069 835 3128 tamen
866 3066 1036 3149 quicquam
1067 3064 1111 3140 est,

118 3157 202 3241 quod
226 3155 348 3220 moveri
373 3154 487 3237 possit.

64 3259 97 3307 75
184 3245 289 3321 Quam
322 3243 430 3328 grauis
462 3263 553 3324 vero,
586 3263 683 3325 quam
715 3241 900 3324 magnifica,
928 3263 1026 3324 quam
1053 3261 1111 3305 con·

118 3338 207 3398 stans
241 3332 410 3396 conficitur
444 3351 584 3412 persona
621 3329 789 3412 sapientis!
827 3330 894 3412 qui,
932 3351 1005 3393 cum
1042 3328 1111 3392 ratic

117 3421 273 3503 docuerit,
297 3418 382 3503 quod
403 3417 578 3482 honestum
603 3419 700 3498 esset,
723 3417 757 3480 id
781 3437 850 3480 esse
870 3417 976 3480 solum
998 3418 1109 3483 bonum

117 3531 242 3594 semper
278 3509 321 3572 sit
356 3528 487 3571 necesse
525 3508 574 3570 est
606 3505 720 3569 beatus
752 3525 888 3589 vereque
921 3506 1031 3570 omnia
1063 3506 1111 3569 isc
