<?xml version="1.0" encoding="UTF-8"?>
<!DOCTYPE html PUBLIC "-//W3C//DTD XHTML 1.0 Transitional//EN"
    "http://www.w3.org/TR/xhtml1/DTD/xhtml1-transitional.dtd">
<html xmlns="http://www.w3.org/1999/xhtml" xml:lang="en" lang="en">
 <head>
  <title>
</title>
<meta http-equiv="Content-Type" content="text/html;charset=utf-8" />
  <meta name='ocr-system' content='tesseract 3.04.00' />
  <meta name='ocr-capabilities' content='ocr_page ocr_carea ocr_par ocr_line ocrx_word'/>
</head>
<body>
  <div class='ocr_page' id='page_1' title='image "./mtulliiciceroni00mlgoog_0438.png"; bbox 0 0 2356 3870; ppageno 0'>
   <div class='ocr_carea' id='block_1_1' title="bbox 290 177 1066 247">
    <p class='ocr_par' dir='ltr' id='par_1_1' title="bbox 290 177 1066 247">
     <span class='ocr_line' id='line_1_1' title="bbox 290 177 1066 247; baseline 0.005 -15"><span class='ocrx_word' id='word_1_1' title='bbox 290 177 840 247; x_wconf 57' lang='lat' dir='ltr'>fflmfflmawm.</span> <span class='ocrx_word' id='word_1_2' title='bbox 1001 179 1066 243; x_wconf 58' lang='lat' dir='ltr'><em>w</em></span> 
     </span>
    </p>
   </div>
   <div class='ocr_carea' id='block_1_2' title="bbox 40 339 1119 3233">
    <p class='ocr_par' dir='ltr' id='par_1_2' title="bbox 40 339 1119 3233">
     <span class='ocr_line' id='line_1_2' title="bbox 58 339 1067 423; baseline -0.002 -18"><span class='ocrx_word' id='word_1_3' title='bbox 58 342 190 405; x_wconf 85' lang='lat' dir='ltr'>brarum</span> <span class='ocrx_word' id='word_1_4' title='bbox 215 339 341 405; x_wconf 89' lang='lat' dir='ltr'>obfudit</span> <span class='ocrx_word' id='word_1_5' title='bbox 364 340 525 422; x_wconf 82' lang='lat' dir='ltr'>exsilium,</span> <span class='ocrx_word' id='word_1_6' title='bbox 550 344 606 403; x_wconf 87' lang='lat' dir='ltr'>aut</span> <span class='ocrx_word' id='word_1_7' title='bbox 628 362 750 422; x_wconf 90' lang='lat' dir='ltr'>eorum,</span> <span class='ocrx_word' id='word_1_8' title='bbox 773 361 854 423; x_wconf 89' lang='lat' dir='ltr'>quae</span> <span class='ocrx_word' id='word_1_9' title='bbox 873 341 968 405; x_wconf 92' lang='lat' dir='ltr'>modo</span> <span class='ocrx_word' id='word_1_10' title='bbox 992 341 1067 423; x_wconf 82' lang='lat' dir='ltr'>dixi,</span> 
     </span>
     <span class='ocr_line' id='line_1_3' title="bbox 58 427 1067 513; baseline -0.001 -20"><span class='ocrx_word' id='word_1_11' title='bbox 58 430 87 493; x_wconf 92' lang='lat' dir='ltr'>si</span> <span class='ocrx_word' id='word_1_12' title='bbox 115 427 192 513; x_wconf 91' lang='lat' dir='ltr'>quid</span> <span class='ocrx_word' id='word_1_13' title='bbox 221 428 342 510; x_wconf 79' lang='lat' dir='ltr'>extitit3</span> <span class='ocrx_word' id='word_1_14' title='bbox 371 428 432 491; x_wconf 90' lang='lat' dir='ltr'>etsi</span> <span class='ocrx_word' id='word_1_15' title='bbox 460 427 661 512; x_wconf 85' lang='lat' dir='ltr'>singularum</span> <span class='ocrx_word' id='word_1_16' title='bbox 684 449 790 491; x_wconf 83' lang='lat' dir='ltr'>rerum</span> <span class='ocrx_word' id='word_1_17' title='bbox 805 431 889 498; x_wconf 59' lang='lat' dir='ltr'>‚sunt</span> <span class='ocrx_word' id='word_1_18' title='bbox 917 429 1067 511; x_wconf 86' lang='lat' dir='ltr'>propriae</span> 
     </span>
     <span class='ocr_line' id='line_1_4' title="bbox 57 515 1067 599; baseline 0.001 -19"><span class='ocrx_word' id='word_1_19' title='bbox 57 516 310 598; x_wconf 86' lang='lat' dir='ltr'>consolationes,</span> <span class='ocrx_word' id='word_1_20' title='bbox 334 515 507 598; x_wconf 90' lang='lat' dir='ltr'>dequibus</span> <span class='ocrx_word' id='word_1_21' title='bbox 527 515 636 579; x_wconf 85' lang='lat' dir='ltr'>audies</span> <span class='ocrx_word' id='word_1_22' title='bbox 654 519 691 579; x_wconf 91' lang='lat' dir='ltr'>tu</span> <span class='ocrx_word' id='word_1_23' title='bbox 713 515 855 599; x_wconf 92' lang='lat' dir='ltr'>quidem,</span> <span class='ocrx_word' id='word_1_24' title='bbox 878 537 951 580; x_wconf 89' lang='lat' dir='ltr'>cum</span> <span class='ocrx_word' id='word_1_25' title='bbox 968 516 1067 581; x_wconf 87' lang='lat' dir='ltr'>voles.</span> 
     </span>
     <span class='ocr_line' id='line_1_5' title="bbox 58 602 1067 688; baseline -0.001 -20"><span class='ocrx_word' id='word_1_26' title='bbox 58 602 122 668; x_wconf 80' lang='lat' dir='ltr'>Sed</span> <span class='ocrx_word' id='word_1_27' title='bbox 141 603 182 669; x_wconf 88' lang='lat' dir='ltr'>ad</span> <span class='ocrx_word' id='word_1_28' title='bbox 201 603 336 667; x_wconf 90' lang='lat' dir='ltr'>cundem</span> <span class='ocrx_word' id='word_1_29' title='bbox 358 602 484 668; x_wconf 84' lang='lat' dir='ltr'>fontem</span> <span class='ocrx_word' id='word_1_30' title='bbox 502 603 723 668; x_wconf 79' lang='lat' dir='ltr'>revertendum</span> <span class='ocrx_word' id='word_1_31' title='bbox 747 607 809 686; x_wconf 90' lang='lat' dir='ltr'>est,</span> <span class='ocrx_word' id='word_1_32' title='bbox 833 603 1067 688; x_wconf 81' lang='lat' dir='ltr'>aegritudinem</span> 
     </span>
     <span class='ocr_line' id='line_1_6' title="bbox 40 691 1067 775; baseline 0 -21"><span class='ocrx_word' id='word_1_33' title='bbox 40 713 190 757; x_wconf 67' lang='lat' dir='ltr'>somnem</span> <span class='ocrx_word' id='word_1_34' title='bbox 221 691 334 775; x_wconf 91' lang='lat' dir='ltr'>procul</span> <span class='ocrx_word' id='word_1_35' title='bbox 367 691 479 755; x_wconf 89' lang='lat' dir='ltr'>abesse</span> <span class='ocrx_word' id='word_1_36' title='bbox 510 714 529 754; x_wconf 86' lang='lat' dir='ltr'>a</span> <span class='ocrx_word' id='word_1_37' title='bbox 561 692 721 774; x_wconf 73' lang='lat' dir='ltr'>sapiente,</span> <span class='ocrx_word' id='word_1_38' title='bbox 757 691 842 775; x_wconf 92' lang='lat' dir='ltr'>quod</span> <span class='ocrx_word' id='word_1_39' title='bbox 878 691 982 755; x_wconf 89' lang='lat' dir='ltr'>inanis</span> <span class='ocrx_word' id='word_1_40' title='bbox 1015 692 1067 774; x_wconf 90' lang='lat' dir='ltr'>sit,</span> 
     </span>
     <span class='ocr_line' id='line_1_7' title="bbox 57 778 1068 863; baseline -0.002 -18"><span class='ocrx_word' id='word_1_41' title='bbox 57 780 144 863; x_wconf 93' lang='lat' dir='ltr'>quod</span> <span class='ocrx_word' id='word_1_42' title='bbox 170 780 292 843; x_wconf 83' lang='lat' dir='ltr'>frustra</span> <span class='ocrx_word' id='word_1_43' title='bbox 320 778 527 862; x_wconf 81' lang='lat' dir='ltr'><strong>suscipiatur,</strong></span> <span class='ocrx_word' id='word_1_44' title='bbox 554 778 639 862; x_wconf 92' lang='lat' dir='ltr'>quod</span> <span class='ocrx_word' id='word_1_45' title='bbox 666 800 732 843; x_wconf 91' lang='lat' dir='ltr'>non</span> <span class='ocrx_word' id='word_1_46' title='bbox 758 783 875 842; x_wconf 87' lang='lat' dir='ltr'>natura</span> <span class='ocrx_word' id='word_1_47' title='bbox 898 780 1068 862; x_wconf 79' lang='lat' dir='ltr'>exoriatur,</span> 
     </span>
     <span class='ocr_line' id='line_1_8' title="bbox 57 865 1067 950; baseline 0 -20"><span class='ocrx_word' id='word_1_48' title='bbox 57 868 115 932; x_wconf 86' lang='lat' dir='ltr'>sed</span> <span class='ocrx_word' id='word_1_49' title='bbox 143 867 275 949; x_wconf 90' lang='lat' dir='ltr'>iudicio,</span> <span class='ocrx_word' id='word_1_50' title='bbox 303 866 359 930; x_wconf 87' lang='lat' dir='ltr'>sed</span> <span class='ocrx_word' id='word_1_51' title='bbox 383 866 548 950; x_wconf 90' lang='lat' dir='ltr'>opinione,</span> <span class='ocrx_word' id='word_1_52' title='bbox 572 865 627 930; x_wconf 86' lang='lat' dir='ltr'>sed</span> <span class='ocrx_word' id='word_1_53' title='bbox 650 866 788 950; x_wconf 86' lang='lat' dir='ltr'>quadam</span> <span class='ocrx_word' id='word_1_54' title='bbox 811 868 1001 932; x_wconf 88' lang='lat' dir='ltr'>invitatione</span> <span class='ocrx_word' id='word_1_55' title='bbox 1026 866 1067 930; x_wconf 89' lang='lat' dir='ltr'>ad</span> 
     </span>
     <span class='ocr_line' id='line_1_9' title="bbox 57 954 1067 1039; baseline 0.001 -21"><span class='ocrx_word' id='word_1_56' title='bbox 57 954 246 1037; x_wconf 87' lang='lat' dir='ltr'>dolendum,</span> <span class='ocrx_word' id='word_1_57' title='bbox 278 977 350 1018; x_wconf 92' lang='lat' dir='ltr'>cum</span> <span class='ocrx_word' id='word_1_58' title='bbox 383 954 416 1017; x_wconf 93' lang='lat' dir='ltr'>id</span> <span class='ocrx_word' id='word_1_59' title='bbox 453 954 686 1019; x_wconf 82' lang='lat' dir='ltr'>decreverimus</span> <span class='ocrx_word' id='word_1_60' title='bbox 722 956 770 1019; x_wconf 85' lang='lat' dir='ltr'>ita</span> <span class='ocrx_word' id='word_1_61' title='bbox 805 955 875 1018; x_wconf 89' lang='lat' dir='ltr'>fieri</span> <span class='ocrx_word' id='word_1_62' title='bbox 912 957 1067 1039; x_wconf 88' lang='lat' dir='ltr'>oportere.</span> 
     </span>
     <span class='ocr_line' id='line_1_10' title="bbox 57 1041 1118 1126; baseline -0.005 -20"><span class='ocrx_word' id='word_1_63' title='bbox 57 1041 131 1107; x_wconf 91' lang='lat' dir='ltr'>Hoc</span> <span class='ocrx_word' id='word_1_64' title='bbox 153 1042 312 1125; x_wconf 88' lang='lat' dir='ltr'>detract0,</span> <span class='ocrx_word' id='word_1_65' title='bbox 336 1041 421 1124; x_wconf 90' lang='lat' dir='ltr'>quod</span> <span class='ocrx_word' id='word_1_66' title='bbox 443 1045 550 1106; x_wconf 90' lang='lat' dir='ltr'>totum</span> <span class='ocrx_word' id='word_1_67' title='bbox 573 1045 622 1106; x_wconf 89' lang='lat' dir='ltr'>cst</span> <span class='ocrx_word' id='word_1_68' title='bbox 643 1042 874 1125; x_wconf 89' lang='lat' dir='ltr'>voluntarium,</span> <span class='ocrx_word' id='word_1_69' title='bbox 898 1043 1065 1126; x_wconf 80' lang='lat' dir='ltr'>aegritudo</span> <span class='ocrx_word' id='word_1_70' title='bbox 1085 1053 1118 1102; x_wconf 84' lang='lat'>83</span> 
     </span>
     <span class='ocr_line' id='line_1_11' title="bbox 40 1130 1066 1212; baseline 0.003 -20"><span class='ocrx_word' id='word_1_71' title='bbox 40 1131 120 1194; x_wconf 69' lang='lat' dir='ltr'>1erit</span> <span class='ocrx_word' id='word_1_72' title='bbox 157 1130 285 1194; x_wconf 89' lang='lat' dir='ltr'>sublata</span> <span class='ocrx_word' id='word_1_73' title='bbox 321 1130 378 1193; x_wconf 89' lang='lat' dir='ltr'>illa</span> <span class='ocrx_word' id='word_1_74' title='bbox 414 1151 580 1212; x_wconf 91' lang='lat' dir='ltr'>maerens,</span> <span class='ocrx_word' id='word_1_75' title='bbox 616 1152 742 1194; x_wconf 89' lang='lat' dir='ltr'>morsus</span> <span class='ocrx_word' id='word_1_76' title='bbox 778 1135 888 1194; x_wconf 90' lang='lat' dir='ltr'>tamen</span> <span class='ocrx_word' id='word_1_77' title='bbox 924 1136 957 1195; x_wconf 87' lang='lat' dir='ltr'>et</span> <span class='ocrx_word' id='word_1_78' title='bbox 992 1152 1066 1195; x_wconf 86' lang='lat' dir='ltr'>oon-</span> 
     </span>
     <span class='ocr_line' id='line_1_12' title="bbox 57 1217 1067 1302; baseline 0 -20"><span class='ocrx_word' id='word_1_79' title='bbox 57 1217 275 1283; x_wconf 84' lang='lat' dir='ltr'>tractiuncula</span> <span class='ocrx_word' id='word_1_80' title='bbox 299 1217 456 1301; x_wconf 82' lang='lat' dir='ltr'>quaedam</span> <span class='ocrx_word' id='word_1_81' title='bbox 478 1217 574 1281; x_wconf 88' lang='lat' dir='ltr'>animi</span> <span class='ocrx_word' id='word_1_82' title='bbox 598 1218 808 1302; x_wconf 88' lang='lat' dir='ltr'>relinquetur.</span> <span class='ocrx_word' id='word_1_83' title='bbox 843 1217 935 1284; x_wconf 88' lang='lat' dir='ltr'>Hanc</span> <span class='ocrx_word' id='word_1_84' title='bbox 959 1219 1067 1284; x_wconf 88' lang='lat' dir='ltr'>dicant</span> 
     </span>
     <span class='ocr_line' id='line_1_13' title="bbox 58 1305 1067 1391; baseline 0.001 -20"><span class='ocrx_word' id='word_1_85' title='bbox 58 1327 138 1371; x_wconf 85' lang='lat' dir='ltr'>sone</span> <span class='ocrx_word' id='word_1_86' title='bbox 160 1305 355 1388; x_wconf 86' lang='lat' dir='ltr'>naturalem,</span> <span class='ocrx_word' id='word_1_87' title='bbox 378 1305 453 1369; x_wconf 92' lang='lat' dir='ltr'>dum</span> <span class='ocrx_word' id='word_1_88' title='bbox 476 1305 687 1389; x_wconf 81' lang='lat' dir='ltr'>aegritudinis</span> <span class='ocrx_word' id='word_1_89' title='bbox 708 1327 827 1370; x_wconf 90' lang='lat' dir='ltr'>nomen</span> <span class='ocrx_word' id='word_1_90' title='bbox 851 1307 937 1371; x_wconf 88' lang='lat' dir='ltr'>absit</span> <span class='ocrx_word' id='word_1_91' title='bbox 959 1328 1067 1391; x_wconf 83' lang='lat' dir='ltr'>grave,</span> 
     </span>
     <span class='ocr_line' id='line_1_14' title="bbox 56 1393 1067 1478; baseline 0.002 -21"><span class='ocrx_word' id='word_1_92' title='bbox 56 1398 214 1476; x_wconf 86' lang='lat' dir='ltr'>taetrum,</span> <span class='ocrx_word' id='word_1_93' title='bbox 236 1393 415 1476; x_wconf 89' lang='lat' dir='ltr'>funestum,</span> <span class='ocrx_word' id='word_1_94' title='bbox 438 1393 522 1476; x_wconf 93' lang='lat' dir='ltr'>quod</span> <span class='ocrx_word' id='word_1_95' title='bbox 541 1415 613 1457; x_wconf 92' lang='lat' dir='ltr'>cum</span> <span class='ocrx_word' id='word_1_96' title='bbox 632 1393 792 1477; x_wconf 85' lang='lat' dir='ltr'>sapientia</span> <span class='ocrx_word' id='word_1_97' title='bbox 813 1415 883 1457; x_wconf 91' lang='lat' dir='ltr'>esse</span> <span class='ocrx_word' id='word_1_98' title='bbox 902 1398 1007 1478; x_wconf 86' lang='lat' dir='ltr'>atque,</span> <span class='ocrx_word' id='word_1_99' title='bbox 1029 1400 1067 1460; x_wconf 91' lang='lat' dir='ltr'>ut</span> 
     </span>
     <span class='ocr_line' id='line_1_15' title="bbox 56 1480 1066 1565; baseline 0.002 -20"><span class='ocrx_word' id='word_1_100' title='bbox 56 1484 106 1546; x_wconf 87' lang='lat' dir='ltr'>ita</span> <span class='ocrx_word' id='word_1_101' title='bbox 125 1482 240 1564; x_wconf 88' lang='lat' dir='ltr'>dicam,</span> <span class='ocrx_word' id='word_1_102' title='bbox 258 1481 406 1545; x_wconf 89' lang='lat' dir='ltr'>habitare</span> <span class='ocrx_word' id='word_1_103' title='bbox 424 1481 514 1546; x_wconf 88' lang='lat' dir='ltr'>nullo</span> <span class='ocrx_word' id='word_1_104' title='bbox 531 1480 626 1545; x_wconf 91' lang='lat' dir='ltr'>modo</span> <span class='ocrx_word' id='word_1_105' title='bbox 644 1481 757 1564; x_wconf 82' lang='lat' dir='ltr'>possit.</span> <span class='ocrx_word' id='word_1_106' title='bbox 783 1480 829 1544; x_wconf 87' lang='lat' dir='ltr'>At</span> <span class='ocrx_word' id='word_1_107' title='bbox 848 1503 929 1564; x_wconf 89' lang='lat' dir='ltr'>quae</span> <span class='ocrx_word' id='word_1_108' title='bbox 948 1483 1066 1565; x_wconf 86' lang='lat' dir='ltr'>stirpes</span> 
     </span>
     <span class='ocr_line' id='line_1_16' title="bbox 40 1568 1067 1654; baseline 0.002 -22"><span class='ocrx_word' id='word_1_109' title='bbox 40 1574 136 1634; x_wconf 65' lang='lat' dir='ltr'>ssunt</span> <span class='ocrx_word' id='word_1_110' title='bbox 159 1568 384 1653; x_wconf 80' lang='lat' dir='ltr'>aegritudinis,</span> <span class='ocrx_word' id='word_1_111' title='bbox 413 1591 509 1653; x_wconf 89' lang='lat' dir='ltr'>quam</span> <span class='ocrx_word' id='word_1_112' title='bbox 536 1569 671 1650; x_wconf 88' lang='lat' dir='ltr'>multae,</span> <span class='ocrx_word' id='word_1_113' title='bbox 699 1590 795 1653; x_wconf 86' lang='lat' dir='ltr'>quam</span> <span class='ocrx_word' id='word_1_114' title='bbox 818 1570 958 1633; x_wconf 88' lang='lat' dir='ltr'>amarae!</span> <span class='ocrx_word' id='word_1_115' title='bbox 985 1591 1067 1654; x_wconf 86' lang='lat' dir='ltr'>quae</span> 
     </span>
     <span class='ocr_line' id='line_1_17' title="bbox 58 1656 1066 1742; baseline -0.001 -20"><span class='ocrx_word' id='word_1_116' title='bbox 58 1659 132 1742; x_wconf 89' lang='lat' dir='ltr'>ipso</span> <span class='ocrx_word' id='word_1_117' title='bbox 150 1661 264 1722; x_wconf 89' lang='lat' dir='ltr'>trunco</span> <span class='ocrx_word' id='word_1_118' title='bbox 283 1678 393 1721; x_wconf 88' lang='lat' dir='ltr'>everso</span> <span class='ocrx_word' id='word_1_119' title='bbox 413 1677 524 1721; x_wconf 88' lang='lat' dir='ltr'>omnes</span> <span class='ocrx_word' id='word_1_120' title='bbox 543 1656 708 1740; x_wconf 86' lang='lat' dir='ltr'>eligendae</span> <span class='ocrx_word' id='word_1_121' title='bbox 728 1659 867 1739; x_wconf 88' lang='lat' dir='ltr'>suntet,</span> <span class='ocrx_word' id='word_1_122' title='bbox 890 1657 919 1720; x_wconf 94' lang='lat' dir='ltr'>si</span> <span class='ocrx_word' id='word_1_123' title='bbox 936 1678 1066 1722; x_wconf 88' lang='lat' dir='ltr'>necesse</span> 
     </span>
     <span class='ocr_line' id='line_1_18' title="bbox 58 1741 1104 1828; baseline 0 -18"><span class='ocrx_word' id='word_1_124' title='bbox 58 1747 133 1828; x_wconf 85' lang='lat' dir='ltr'>erit,</span> <span class='ocrx_word' id='word_1_125' title='bbox 166 1745 302 1828; x_wconf 86' lang='lat' dir='ltr'>singulis</span> <span class='ocrx_word' id='word_1_126' title='bbox 334 1744 619 1826; x_wconf 86' lang='lat' dir='ltr'>disputationibus.</span> <span class='ocrx_word' id='word_1_127' title='bbox 670 1741 824 1827; x_wconf 84' lang='lat' dir='ltr'>Superest</span> <span class='ocrx_word' id='word_1_128' title='bbox 855 1744 941 1808; x_wconf 88' lang='lat' dir='ltr'>enim</span> <span class='ocrx_word' id='word_1_129' title='bbox 972 1745 1066 1810; x_wconf 91' lang='lat' dir='ltr'>nobis</span> <span class='ocrx_word' id='word_1_130' title='bbox 1102 1820 1104 1826; x_wconf 43' lang='grc'><strong>,</strong></span> 
     </span>
     <span class='ocr_line' id='line_1_19' title="bbox 58 1830 1066 1916; baseline -0.001 -18"><span class='ocrx_word' id='word_1_131' title='bbox 58 1832 134 1916; x_wconf 93' lang='lat' dir='ltr'>hoc,</span> <span class='ocrx_word' id='word_1_132' title='bbox 162 1832 352 1897; x_wconf 80' lang='lat' dir='ltr'>cuicuimodi</span> <span class='ocrx_word' id='word_1_133' title='bbox 380 1836 441 1914; x_wconf 91' lang='lat' dir='ltr'>est,</span> <span class='ocrx_word' id='word_1_134' title='bbox 470 1832 581 1896; x_wconf 88' lang='lat' dir='ltr'>otium.</span> <span class='ocrx_word' id='word_1_135' title='bbox 631 1830 693 1895; x_wconf 84' lang='lat' dir='ltr'>Sed</span> <span class='ocrx_word' id='word_1_136' title='bbox 711 1832 802 1896; x_wconf 87' lang='lat' dir='ltr'>ratio</span> <span class='ocrx_word' id='word_1_137' title='bbox 830 1853 894 1896; x_wconf 88' lang='lat' dir='ltr'>una</span> <span class='ocrx_word' id='word_1_138' title='bbox 923 1833 1066 1897; x_wconf 91' lang='lat' dir='ltr'>omnium</span> 
     </span>
     <span class='ocr_line' id='line_1_20' title="bbox 58 1919 1066 2005; baseline -0.001 -20"><span class='ocrx_word' id='word_1_139' title='bbox 58 1926 109 1985; x_wconf 91' lang='lat' dir='ltr'>est</span> <span class='ocrx_word' id='word_1_140' title='bbox 141 1921 390 2005; x_wconf 81' lang='lat' dir='ltr'>aegritudinum,</span> <span class='ocrx_word' id='word_1_141' title='bbox 422 1920 517 2002; x_wconf 89' lang='lat' dir='ltr'>plura</span> <span class='ocrx_word' id='word_1_142' title='bbox 547 1920 688 1984; x_wconf 88' lang='lat' dir='ltr'>nomina.</span> <span class='ocrx_word' id='word_1_143' title='bbox 743 1919 828 1984; x_wconf 86' lang='lat' dir='ltr'>Nam</span> <span class='ocrx_word' id='word_1_144' title='bbox 861 1923 894 1983; x_wconf 90' lang='lat' dir='ltr'>et</span> <span class='ocrx_word' id='word_1_145' title='bbox 924 1920 1066 1985; x_wconf 86' lang='lat' dir='ltr'>invidere</span> 
     </span>
     <span class='ocr_line' id='line_1_21' title="bbox 40 2007 1066 2094; baseline -0.002 -20"><span class='ocrx_word' id='word_1_146' title='bbox 40 2008 271 2094; x_wconf 73' lang='lat' dir='ltr'>»aegritudinis</span> <span class='ocrx_word' id='word_1_147' title='bbox 295 2011 346 2073; x_wconf 81' lang='lat' dir='ltr'>e&#39;st</span> <span class='ocrx_word' id='word_1_148' title='bbox 368 2011 401 2072; x_wconf 85' lang='lat' dir='ltr'>ct</span> <span class='ocrx_word' id='word_1_149' title='bbox 423 2008 578 2071; x_wconf 87' lang='lat' dir='ltr'>aemulari</span> <span class='ocrx_word' id='word_1_150' title='bbox 601 2011 633 2071; x_wconf 89' lang='lat' dir='ltr'>et</span> <span class='ocrx_word' id='word_1_151' title='bbox 656 2008 838 2072; x_wconf 87' lang='lat' dir='ltr'>obtrectare</span> <span class='ocrx_word' id='word_1_152' title='bbox 861 2010 894 2071; x_wconf 91' lang='lat' dir='ltr'>et</span> <span class='ocrx_word' id='word_1_153' title='bbox 921 2007 1066 2073; x_wconf 87' lang='lat' dir='ltr'>misereri</span> 
     </span>
     <span class='ocr_line' id='line_1_22' title="bbox 57 2095 1066 2180; baseline 0 -20"><span class='ocrx_word' id='word_1_154' title='bbox 57 2103 91 2160; x_wconf 89' lang='lat' dir='ltr'>ct</span> <span class='ocrx_word' id='word_1_155' title='bbox 121 2097 211 2180; x_wconf 83' lang='lat' dir='ltr'>angi,</span> <span class='ocrx_word' id='word_1_156' title='bbox 238 2097 363 2180; x_wconf 81' lang='lat' dir='ltr'>lugere,</span> <span class='ocrx_word' id='word_1_157' title='bbox 389 2116 546 2179; x_wconf 87' lang='lat' dir='ltr'>maerere,</span> <span class='ocrx_word' id='word_1_158' title='bbox 573 2096 726 2160; x_wconf 85' lang='lat' dir='ltr'>aerumna</span> <span class='ocrx_word' id='word_1_159' title='bbox 753 2095 859 2177; x_wconf 84' lang='lat' dir='ltr'>adfici,</span> <span class='ocrx_word' id='word_1_160' title='bbox 888 2095 1066 2179; x_wconf 87' lang='lat' dir='ltr'>lamentari,</span> 
     </span>
     <span class='ocr_line' id='line_1_23' title="bbox 58 2183 1065 2268; baseline 0 -20"><span class='ocrx_word' id='word_1_161' title='bbox 58 2184 238 2268; x_wconf 86' lang='lat' dir='ltr'>sollicitari,</span> <span class='ocrx_word' id='word_1_162' title='bbox 256 2183 372 2266; x_wconf 87' lang='lat' dir='ltr'>dolere,</span> <span class='ocrx_word' id='word_1_163' title='bbox 390 2184 424 2246; x_wconf 89' lang='lat' dir='ltr'>in</span> <span class='ocrx_word' id='word_1_164' title='bbox 438 2184 589 2248; x_wconf 86' lang='lat' dir='ltr'>molestia</span> <span class='ocrx_word' id='word_1_165' title='bbox 606 2205 685 2266; x_wconf 86' lang='lat' dir='ltr'>esse,</span> <span class='ocrx_word' id='word_1_166' title='bbox 703 2183 870 2268; x_wconf 85' lang='lat' dir='ltr'>adflictari,</span> <span class='ocrx_word' id='word_1_167' title='bbox 888 2183 1065 2267; x_wconf 85' lang='lat' dir='ltr'>desperare.</span> 
     </span>
     <span class='ocr_line' id='line_1_24' title="bbox 57 2269 1119 2356; baseline 0.003 -20"><span class='ocrx_word' id='word_1_168' title='bbox 57 2271 148 2336; x_wconf 89' lang='lat' dir='ltr'>Haec</span> <span class='ocrx_word' id='word_1_169' title='bbox 170 2273 278 2337; x_wconf 88' lang='lat' dir='ltr'>omnia</span> <span class='ocrx_word' id='word_1_170' title='bbox 306 2271 460 2335; x_wconf 88' lang='lat' dir='ltr'>definiunt</span> <span class='ocrx_word' id='word_1_171' title='bbox 483 2269 597 2353; x_wconf 82' lang='lat' dir='ltr'>Stoici,</span> <span class='ocrx_word' id='word_1_172' title='bbox 625 2292 724 2354; x_wconf 86' lang='lat' dir='ltr'>eaque</span> <span class='ocrx_word' id='word_1_173' title='bbox 747 2272 858 2355; x_wconf 86' lang='lat' dir='ltr'>verba,</span> <span class='ocrx_word' id='word_1_174' title='bbox 885 2293 967 2356; x_wconf 88' lang='lat' dir='ltr'>quae</span> <span class='ocrx_word' id='word_1_175' title='bbox 989 2271 1065 2356; x_wconf 87' lang='lat' dir='ltr'>dixi,</span> <span class='ocrx_word' id='word_1_176' title='bbox 1084 2291 1119 2340; x_wconf 84' lang='lat'>84</span> 
     </span>
     <span class='ocr_line' id='line_1_25' title="bbox 58 2359 1064 2445; baseline -0.001 -21"><span class='ocrx_word' id='word_1_177' title='bbox 58 2360 260 2445; x_wconf 84' lang='lat' dir='ltr'>singularum</span> <span class='ocrx_word' id='word_1_178' title='bbox 283 2381 389 2423; x_wconf 84' lang='lat' dir='ltr'>rerum</span> <span class='ocrx_word' id='word_1_179' title='bbox 413 2362 501 2439; x_wconf 87' lang='lat' dir='ltr'>sunt,</span> <span class='ocrx_word' id='word_1_180' title='bbox 522 2380 601 2441; x_wconf 94' lang='lat' dir='ltr'>non,</span> <span class='ocrx_word' id='word_1_181' title='bbox 624 2364 660 2422; x_wconf 93' lang='lat' dir='ltr'>ut</span> <span class='ocrx_word' id='word_1_182' title='bbox 681 2359 841 2441; x_wconf 88' lang='lat' dir='ltr'>videntur,</span> <span class='ocrx_word' id='word_1_183' title='bbox 865 2359 995 2423; x_wconf 88' lang='lat' dir='ltr'>easdem</span> <span class='ocrx_word' id='word_1_184' title='bbox 1013 2381 1064 2423; x_wconf 87' lang='lat' dir='ltr'>res</span> 
     </span>
     <span class='ocr_line' id='line_1_26' title="bbox 40 2445 1065 2533; baseline -0.002 -21"><span class='ocrx_word' id='word_1_185' title='bbox 40 2447 257 2533; x_wconf 61' lang='lat' dir='ltr'>isigniticant,</span> <span class='ocrx_word' id='word_1_186' title='bbox 285 2447 340 2510; x_wconf 88' lang='lat' dir='ltr'>sed</span> <span class='ocrx_word' id='word_1_187' title='bbox 368 2445 490 2530; x_wconf 88' lang='lat' dir='ltr'>aliquid</span> <span class='ocrx_word' id='word_1_188' title='bbox 518 2446 681 2528; x_wconf 88' lang='lat' dir='ltr'>differunt,</span> <span class='ocrx_word' id='word_1_189' title='bbox 708 2447 792 2530; x_wconf 91' lang='lat' dir='ltr'>quod</span> <span class='ocrx_word' id='word_1_190' title='bbox 820 2447 883 2509; x_wconf 92' lang='lat' dir='ltr'>alio</span> <span class='ocrx_word' id='word_1_191' title='bbox 906 2446 978 2511; x_wconf 92' lang='lat' dir='ltr'>loco</span> <span class='ocrx_word' id='word_1_192' title='bbox 1000 2446 1065 2511; x_wconf 86' lang='lat' dir='ltr'>for·</span> 
     </span>
     <span class='ocr_line' id='line_1_27' title="bbox 58 2533 1066 2618; baseline -0.001 -19"><span class='ocrx_word' id='word_1_193' title='bbox 58 2540 147 2600; x_wconf 84' lang='lat' dir='ltr'>tasse</span> <span class='ocrx_word' id='word_1_194' title='bbox 173 2535 392 2600; x_wconf 87' lang='lat' dir='ltr'>tractabimus.</span> <span class='ocrx_word' id='word_1_195' title='bbox 442 2533 530 2598; x_wconf 85' lang='lat' dir='ltr'>Haec</span> <span class='ocrx_word' id='word_1_196' title='bbox 563 2538 638 2598; x_wconf 91' lang='lat' dir='ltr'>sunt</span> <span class='ocrx_word' id='word_1_197' title='bbox 663 2533 740 2598; x_wconf 89' lang='lat' dir='ltr'>illae</span> <span class='ocrx_word' id='word_1_198' title='bbox 773 2534 873 2598; x_wconf 89' lang='lat' dir='ltr'>fibrae</span> <span class='ocrx_word' id='word_1_199' title='bbox 906 2534 1066 2618; x_wconf 89' lang='lat' dir='ltr'>stirpium,</span> 
     </span>
     <span class='ocr_line' id='line_1_28' title="bbox 58 2621 1065 2707; baseline -0.003 -19"><span class='ocrx_word' id='word_1_200' title='bbox 58 2645 138 2707; x_wconf 88' lang='lat' dir='ltr'>quas</span> <span class='ocrx_word' id='word_1_201' title='bbox 162 2622 257 2687; x_wconf 86' lang='lat' dir='ltr'>initio</span> <span class='ocrx_word' id='word_1_202' title='bbox 281 2622 361 2705; x_wconf 86' lang='lat' dir='ltr'>dixi,</span> <span class='ocrx_word' id='word_1_203' title='bbox 383 2622 620 2706; x_wconf 87' lang='lat' dir='ltr'>persequendae</span> <span class='ocrx_word' id='word_1_204' title='bbox 639 2626 672 2685; x_wconf 88' lang='lat' dir='ltr'>ct</span> <span class='ocrx_word' id='word_1_205' title='bbox 691 2644 801 2687; x_wconf 90' lang='lat' dir='ltr'>omnes</span> <span class='ocrx_word' id='word_1_206' title='bbox 821 2621 1002 2705; x_wconf 85' lang='lat' dir='ltr'>eligendae,</span> <span class='ocrx_word' id='word_1_207' title='bbox 1024 2644 1065 2686; x_wconf 89' lang='lat' dir='ltr'>nc</span> 
     </span>
     <span class='ocr_line' id='line_1_29' title="bbox 58 2709 1066 2795; baseline -0.002 -20"><span class='ocrx_word' id='word_1_208' title='bbox 58 2732 212 2795; x_wconf 88' lang='lat' dir='ltr'>umquam</span> <span class='ocrx_word' id='word_1_209' title='bbox 226 2711 293 2774; x_wconf 88' lang='lat' dir='ltr'>ulla</span> <span class='ocrx_word' id='word_1_210' title='bbox 313 2711 418 2794; x_wconf 90' lang='lat' dir='ltr'>possit</span> <span class='ocrx_word' id='word_1_211' title='bbox 431 2710 575 2774; x_wconf 86' lang='lat' dir='ltr'>existere.</span> <span class='ocrx_word' id='word_1_212' title='bbox 606 2709 761 2794; x_wconf 81' lang='lat' dir='ltr'>Magnum</span> <span class='ocrx_word' id='word_1_213' title='bbox 781 2732 861 2794; x_wconf 88' lang='lat' dir='ltr'>opus</span> <span class='ocrx_word' id='word_1_214' title='bbox 875 2714 909 2773; x_wconf 88' lang='lat' dir='ltr'>et</span> <span class='ocrx_word' id='word_1_215' title='bbox 926 2709 1066 2792; x_wconf 87' lang='lat' dir='ltr'>difficile,</span> 
     </span>
     <span class='ocr_line' id='line_1_30' title="bbox 59 2797 1065 2883; baseline -0.003 -20"><span class='ocrx_word' id='word_1_216' title='bbox 59 2800 130 2883; x_wconf 90' lang='lat' dir='ltr'>quis</span> <span class='ocrx_word' id='word_1_217' title='bbox 149 2798 270 2883; x_wconf 79' lang='lat' dir='ltr'>negat?</span> <span class='ocrx_word' id='word_1_218' title='bbox 289 2798 364 2882; x_wconf 91' lang='lat' dir='ltr'>quid</span> <span class='ocrx_word' id='word_1_219' title='bbox 383 2801 491 2862; x_wconf 87' lang='lat' dir='ltr'>autem</span> <span class='ocrx_word' id='word_1_220' title='bbox 510 2799 709 2882; x_wconf 87' lang='lat' dir='ltr'>praeclarum</span> <span class='ocrx_word' id='word_1_221' title='bbox 723 2819 790 2863; x_wconf 91' lang='lat' dir='ltr'>non</span> <span class='ocrx_word' id='word_1_222' title='bbox 808 2798 891 2862; x_wconf 88' lang='lat' dir='ltr'>idem</span> <span class='ocrx_word' id='word_1_223' title='bbox 907 2797 1065 2861; x_wconf 77' lang='lat' dir='ltr'>arduum?</span> 
     </span>
     <span class='ocr_line' id='line_1_31' title="bbox 40 2885 1064 2970; baseline 0 -20"><span class='ocrx_word' id='word_1_224' title='bbox 40 2886 115 2951; x_wconf 69' lang='lat' dir='ltr'>ised</span> <span class='ocrx_word' id='word_1_225' title='bbox 138 2889 248 2950; x_wconf 86' lang='lat' dir='ltr'>tamen</span> <span class='ocrx_word' id='word_1_226' title='bbox 266 2886 299 2949; x_wconf 91' lang='lat' dir='ltr'>id</span> <span class='ocrx_word' id='word_1_227' title='bbox 318 2907 352 2949; x_wconf 89' lang='lat' dir='ltr'>se</span> <span class='ocrx_word' id='word_1_228' title='bbox 371 2886 556 2951; x_wconf 86' lang='lat' dir='ltr'>effecturam</span> <span class='ocrx_word' id='word_1_229' title='bbox 581 2885 786 2969; x_wconf 89' lang='lat' dir='ltr'>philosophia</span> <span class='ocrx_word' id='word_1_230' title='bbox 802 2887 982 2970; x_wconf 87' lang='lat' dir='ltr'>profitetur,</span> <span class='ocrx_word' id='word_1_231' title='bbox 1003 2906 1064 2950; x_wconf 92' lang='lat' dir='ltr'>nos</span> 
     </span>
     <span class='ocr_line' id='line_1_32' title="bbox 58 2973 1064 3057; baseline -0.002 -18"><span class='ocrx_word' id='word_1_232' title='bbox 58 2973 156 3040; x_wconf 92' lang='lat' dir='ltr'>modo</span> <span class='ocrx_word' id='word_1_233' title='bbox 184 2974 383 3038; x_wconf 86' lang='lat' dir='ltr'>curationem</span> <span class='ocrx_word' id='word_1_234' title='bbox 407 2974 473 3038; x_wconf 90' lang='lat' dir='ltr'>eius</span> <span class='ocrx_word' id='word_1_235' title='bbox 502 2973 702 3056; x_wconf 86' lang='lat' dir='ltr'>recipiamus.</span> <span class='ocrx_word' id='word_1_236' title='bbox 747 2973 868 3038; x_wconf 90' lang='lat' dir='ltr'>Verum</span> <span class='ocrx_word' id='word_1_237' title='bbox 893 2973 973 3039; x_wconf 86' lang='lat' dir='ltr'>haec</span> <span class='ocrx_word' id='word_1_238' title='bbox 996 2975 1064 3057; x_wconf 91' lang='lat' dir='ltr'>qui-</span> 
     </span>
     <span class='ocr_line' id='line_1_33' title="bbox 57 3061 1065 3146; baseline -0.002 -20"><span class='ocrx_word' id='word_1_239' title='bbox 57 3062 131 3128; x_wconf 89' lang='lat' dir='ltr'>dem</span> <span class='ocrx_word' id='word_1_240' title='bbox 154 3062 322 3145; x_wconf 77' lang='lat' dir='ltr'>hactenuS,</span> <span class='ocrx_word' id='word_1_241' title='bbox 346 3066 463 3143; x_wconf 87' lang='lat' dir='ltr'>cetera,</span> <span class='ocrx_word' id='word_1_242' title='bbox 489 3063 773 3146; x_wconf 87' lang='lat' dir='ltr'>quotienscumque</span> <span class='ocrx_word' id='word_1_243' title='bbox 796 3061 925 3145; x_wconf 84' lang='lat' dir='ltr'>voletis,</span> <span class='ocrx_word' id='word_1_244' title='bbox 949 3065 981 3126; x_wconf 91' lang='lat' dir='ltr'>et</span> <span class='ocrx_word' id='word_1_245' title='bbox 1003 3061 1065 3126; x_wconf 90' lang='lat' dir='ltr'>hoc</span> 
     </span>
     <span class='ocr_line' id='line_1_34' title="bbox 57 3149 662 3233; baseline 0.002 -20"><span class='ocrx_word' id='word_1_246' title='bbox 57 3151 129 3215; x_wconf 92' lang='lat' dir='ltr'>loco</span> <span class='ocrx_word' id='word_1_247' title='bbox 154 3155 187 3214; x_wconf 86' lang='lat' dir='ltr'>et</span> <span class='ocrx_word' id='word_1_248' title='bbox 211 3150 283 3215; x_wconf 86' lang='lat' dir='ltr'>aliis</span> <span class='ocrx_word' id='word_1_249' title='bbox 306 3154 422 3233; x_wconf 86' lang='lat' dir='ltr'>parata</span> <span class='ocrx_word' id='word_1_250' title='bbox 443 3149 536 3214; x_wconf 82' lang='lat' dir='ltr'>vobis</span> <span class='ocrx_word' id='word_1_251' title='bbox 560 3155 662 3214; x_wconf 88' lang='lat' dir='ltr'>erunt.</span> 
     </span>
    </p>
   </div>
   <div class='ocr_carea' id='block_1_3' title="bbox 0 0 1182 3870">
    <p class='ocr_par' dir='ltr' id='par_1_3' title="bbox 0 0 1182 3870">
     <span class='ocr_line' id='line_1_35' title="bbox 0 0 1182 3870; baseline 0 0"><span class='ocrx_word' id='word_1_252' title='bbox 0 0 1182 3870; x_wconf 95' lang='lat' dir='ltr'> </span> 
     </span>
    </p>
   </div>
  </div>
 </body>
</html>
