2346 3876
104 165 168 231 110
265 164 314 220 DE
332 164 478 221 FINIBUS
496 164 676 221 BONORUM
693 164 741 221 ΕΤ
759 163 944 221 MALORUM

101 327 221 412 ferant,
249 327 325 411 quid
353 332 403 392 est
430 349 486 393 eur
513 327 697 392 dubitemus
725 327 829 392 dicere
856 331 890 392 et
920 329 1115 412 sapientiam

102 419 235 499 propter
252 417 436 501 voluptates
456 415 668 499 expetendam
687 419 719 479 et
737 415 959 499 insipientiam
982 421 1116 501 propter

49 519 82 568 47
103 504 269 569 molestias
288 525 358 570 esse
376 503 584 589 fugiendam?
620 502 806 588 Eademque
824 504 952 568 ratione
972 526 1014 569 ne
1038 510 1116 571 tem·

101 593 282 675 perantiam
300 591 430 676 quidem
447 595 581 676 propter
595 613 630 656 se
644 591 855 675 expetendam
872 613 942 657 esse
962 593 1115 677 dicemus,

102 680 158 744 sed
181 680 257 763 quia
278 701 392 764 pacem
415 680 532 745 animis
556 681 671 745 afferat
696 684 729 744 et
749 701 805 745 eos
830 681 923 763 quasi
942 682 1139 748 concordias

102 768 239 852 quadam
257 769 365 852 placet
383 789 420 833 ac
437 768 546 834 leniat
587 767 818 852 Temperantia
836 773 885 834 est
904 769 1005 854 enim,
1024 792 1115 856 quae,
1171 835 1172 838 ,

100 857 135 920 in
157 858 254 922 rebus
277 859 335 922 aut
357 857 544 940 expetendis
568 860 624 921 aut
645 856 808 941 fugiendis
828 860 866 921 ut
882 858 1049 923 rationem
1067 880 1114 923 ae-

101 966 250 1029 quamur,
277 948 395 1010 monet.
446 943 515 1010 Nec
545 944 631 1010 enim
658 945 737 1009 satis
766 947 817 1010 est
847 944 1007 1030 iudicare,
1040 946 1114 1031 quid

100 1032 284 1098 faciendum
305 1054 372 1098 non
392 1033 612 1098 faciendumve
637 1033 693 1117 sit,
716 1033 773 1097 sed
792 1036 877 1098 stare
897 1033 998 1099 etiam
1021 1055 1113 1118 opor·
1167 1064 1172 1109 ·.

100 1124 150 1185 tet
171 1121 206 1185 in
229 1142 281 1204 eo,
304 1120 389 1204 quod
412 1121 457 1185 sit
477 1120 663 1186 iudicatum.
708 1119 858 1204 Plerique
881 1124 1005 1206 autem,
1029 1121 1147 1207 quoda
1167 1130 1170 1137 '

101 1212 210 1273 tenere
242 1212 338 1292 atque
370 1230 497 1274 servare
529 1208 576 1293 id,
608 1209 694 1293 quod
725 1210 790 1293 ipsi
821 1211 1020 1294 statuerunt,
1049 1232 1113 1276 non

100 1299 252 1380 possunt,
279 1297 358 1361 victi
386 1300 420 1362 et
445 1296 606 1361 debilitati
639 1297 768 1363 obiecta
796 1298 903 1382 specie
934 1298 1111 1382 voluptatis

100 1384 234 1450 tradunt
256 1405 290 1449 se
312 1384 500 1450 libidinibus
522 1386 790 1470 constringendos
817 1407 892 1470 nec,
919 1386 998 1469 quid
1021 1407 1112 1461 even·

100 1477 209 1538 turum
232 1473 292 1557 sit,
318 1473 492 1557 provident
518 1474 560 1539 ob
588 1494 722 1558 eamque
750 1495 881 1538 causam
902 1477 1041 1557 propter
1062 1495 1112 1539 vo

100 1563 259 1645 luptatem
282 1564 315 1626 et
336 1583 472 1645 parvam
495 1565 528 1627 et
549 1583 616 1626 non
640 1562 869 1645 necessariam,
896 1565 930 1625 et
958 1583 1041 1646 quae
1064 1563 1145 1626 velo

101 1650 196 1714 aliter
217 1655 401 1733 pararetur,
424 1653 458 1714 et
483 1670 546 1733 qua
564 1650 664 1715 etiam
682 1670 791 1715 carere
809 1653 943 1733 possent
963 1650 1036 1714 sine
1058 1649 1109 1716 do·

100 1739 182 1822 lore,
209 1741 279 1803 tum
302 1739 337 1802 in
359 1738 491 1803 morbos
519 1738 643 1823 gravis,
670 1740 740 1802 tum
764 1737 801 1801 in
823 1737 954 1820 damna,
981 1741 1054 1804 tum
1077 1739 1111 1803 in

101 1825 258 1891 dedecora
280 1826 462 1909 incurrunt,
485 1846 581 1910 saepe
605 1825 704 1890 etiam
725 1825 835 1910 legum
857 1825 1110 1911 iudiciorumque

48 1927 82 1978 48
101 1915 213 1998 poenis
241 1913 436 1997 obligantur.
481 1911 546 1989 Qui
572 1917 679 1978 autem
701 1913 749 1978 ita
771 1913 836 1978 frui
863 1906 980 1979 volunt
1001 1915 1110 1998 volup·

100 2002 237 2085 tatibus,
268 2004 305 2065 ut
336 2000 418 2066 nulli
448 2006 583 2086 propter
618 2023 673 2066 eas
705 2004 944 2086 consequantur
976 2001 1144 2084 dolorosa

101 2093 134 2154 et
164 2090 220 2173 qui
253 2111 346 2154 suum
376 2089 530 2155 iudicium
564 2090 720 2173 retinent,
753 2111 795 2154 ne
830 2089 1000 2174 voluptate
1037 2091 1111 2158 victi

99 2178 222 2243 faciant
240 2177 283 2261 id,
301 2178 386 2261 quod
409 2179 552 2244 sentiant
568 2200 634 2243 non
653 2199 722 2242 esse
744 2178 942 2260 faciendum,
960 2179 995 2243 ii.
1002 2179 1111 2263 volup·

99 2270 202 2330 tatem
234 2267 408 2331 maximam
436 2266 659 2351 adipiscuntur
684 2266 973 2350 praetermittenda
1001 2267 1111 2351 volup

99 2358 177 2419 tate.
232 2353 334 2419 Iidem
366 2355 465 2420 etiam
497 2355 642 2420 dolorem
674 2376 771 2437 saepe
796 2356 1037 2440 perpetiuntur,
1064 2376 1112 2438 ne,

101 2443 129 2507 si
157 2443 191 2507 id
218 2464 286 2507 non
307 2442 443 2527 faciant,
468 2443 612 2508 incidant
639 2443 674 2507 in
696 2444 861 2508 maiorem.
904 2442 1045 2528 Exque
1066 2444 1146 2509 iar-a

99 2532 267 2617 tellegitur
288 2552 348 2596 nec
370 2531 656 2615 intemperantiam
678 2536 814 2615 propter
836 2553 871 2596 se
894 2552 965 2596 esse
987 2531 1112 2618 fugien-

100 2620 175 2685 dam
205 2619 517 2704 temperantiamque
545 2620 771 2704 expetendam,
800 2642 867 2686 non
899 2620 977 2704 quia
1003 2619 1114 2704 volup

50 2711 195 2860 lirim}
207 2708 338 2860 fdegial'f
350 2707 415 2859 qth
428 2708 506 2859 (liniri
527 2709 665 2861 maqores
689 2712 928 2861 consequaturiq

46 2845 81 2892 49
101 2818 250 2949 laboriim
258 2817 457 2967 niceciunlclio
485 2817 783 2969 ndqdlliaeiirldidid
799 2817 983 2950 udoloruinm
991 2817 1150 2968 pilliia

100 2972 171 3056 ipsa
200 2971 302 3036 allicit
331 2991 392 3036 nec
418 2973 577 3056 patientia
603 2993 662 3037 nec
688 2972 861 3038 assiduitas
888 2992 948 3037 nec
980 2973 1114 3057 vigiliae

73 3081 160 3132 ‚nec
187 3060 272 3144 ipsa,
300 3080 381 3143 quae
409 3060 572 3144 laudatur,
599 3061 773 3143 industria,
798 3082 838 3125 ne
865 3060 1025 3126 fortitudo
1048 3060 1115 3144 qui-

101 3147 183 3231 dem,
206 3148 261 3213 sed
279 3146 344 3213 ista
363 3149 535 3232 sequimur,
552 3151 589 3213 ut
608 3149 677 3215 sine
701 3170 776 3214 cura
796 3152 948 3232 metuque
966 3147 1115 3214 vivamus

102 3237 310 3322 animumque
348 3239 380 3301 et
416 3258 546 3321 corpus,
586 3241 742 3321 quantum
778 3236 903 3302 efficere
939 3237 1115 3320 possimus,

101 3325 250 3390 molestia
286 3325 468 3390 liberemus.
525 3323 572 3390 Ut
608 3326 694 3391 enim
729 3327 845 3390 mortis
881 3328 970 3390 metu
1008 3325 1160 3391 omnieru

99 3414 228 3498 quietae
259 3414 345 3479 vitae
379 3416 484 3478 status
516 3414 738 3498 perturbatur,
773 3416 807 3477 et
837 3417 875 3477 ut
906 3413 1115 3478 succumbere

93 3503 267 3568 doloribus
305 3523 424 3589 eosque
465 3500 582 3567 humili
623 3503 731 3568 animo
767 3501 992 3584 imbecilloqne
1030 3500 1114 3565 ferre
