2346 3876
139 130 206 193 272
303 129 352 183 DE
370 129 515 184 FINIBUS
533 127 713 184 BONORUM
730 128 778 183 ET
796 128 982 184 MALORUM

139 290 311 354 Persarum
338 312 452 376 magos
475 290 576 356 adiit?
604 312 664 355 cur
685 293 794 355 tantas
816 290 968 374 regiones
998 291 1140 355 barbaro-

139 400 210 442 rum
238 379 374 462 pcdibus
403 379 498 460 obiit,
529 381 581 443 tot
606 379 710 442 maria
743 376 950 458 transmisit?
984 398 1040 442 cur
1069 377 1139 442 haee

140 466 252 539 eadem
273 464 502 531 Democritus?
525 467 580 551 qui
602 464 690 549 (vere
711 465 851 543 falsone‚
882 486 1039 548 quaerere
1064 466 1138 530 notu·

139 553 226 641 mus)
245 554 360 619 dicitur
378 576 412 619 se
431 554 533 619 oculis
552 555 710 638 privasse3
729 556 822 635 certe,
843 556 999 637 utquam
1017 553 1136 617 minime

139 643 265 707 animus
302 665 322 706 a
358 642 611 728 cogitationibus
651 641 875 724 abduceretur,
915 641 1151 725 patrimonium

139 730 293 816 neglexit,
317 751 412 814 agros
436 729 578 794 deseruit
599 730 752 812 incultos,
776 728 853 812 quid
877 750 1038 813 quaerens
1060 727 1134 793 aliud

139 819 203 882 nisi
225 818 327 883 vitam
350 817 501 882 beatam?
546 816 651 892 Quam
675 818 704 881 si
727 816 825 881 etiam
848 816 885 880 in
908 838 1018 886 rerum
1040 815 1133 901 cogni·

139 907 228 971 tione
257 905 411 989 ponebat,
442 909 554 969 tamen
581 927 620 970 ex
646 904 705 968 illa
731 904 983 988 investigatione
1014 909 1132 970 naturae

140 993 293 1077 consequi
315 993 458 1076 volebat,
481 993 567 1058 bono
589 996 627 1056 ut
650 996 737 1056 esset
758 991 875 1057 animo.
922 991 960 1057 Id
987 994 1071 1059 enim
1088 991 1133 1056 ille

140 1103 302 1146 summum
320 1080 440 1145 bonum
459 1074 626 1164 εὐθυμίαν
645 1083 678 1144 et
692 1101 789 1163 saepe
803 1073 979 1164 ἀθαμβίαν
998 1080 1157 1166 appellato

85 1192 121 1241 88
140 1169 172 1233 id
196 1172 245 1233 est
267 1168 411 1232 animum
433 1172 555 1233 terrore
578 1168 724 1232 liberum.
774 1165 837 1232 Sed
862 1167 945 1233 haec
969 1170 1031 1234 etsi
1057 1188 1132 1254 prae·

141 1257 239 1340 clare,
261 1255 403 1321 nondum
426 1260 536 1320 tamen
563 1256 733 1340 perpolita.
783 1254 891 1320 Pauca
918 1257 1019 1342 enim,
1046 1275 1132 1338 neque

140 1367 178 1409 ea
205 1344 277 1428 ipsa
303 1344 482 1428 enucleate,
510 1345 550 1408 ab
578 1344 640 1409 hoc
672 1343 712 1408 de
743 1343 863 1408 virtute
896 1344 1028 1428 quidem
1052 1344 1132 1408 dicte

139 1433 218 1497 Post
241 1431 327 1495 enim
350 1431 430 1496 haec
448 1432 483 1496 in
501 1432 562 1496 hac
585 1432 664 1496 urbe
687 1430 827 1515 primum
847 1453 867 1495 a
885 1429 1020 1498 Socrate
1038 1430 1131 1517 quaeri

140 1524 266 1603 coepta,
296 1518 409 1583 deinde
432 1520 467 1584 in
488 1519 574 1584 hunc
596 1521 704 1585 locum
729 1519 837 1584 delata
860 1523 949 1604 sunt,
976 1542 1035 1586 nee
1056 1519 1157 1584 dubi-1⁵

138 1612 258 1691 tatum,
281 1607 359 1692 quin
380 1607 415 1672 in
432 1608 552 1671 virtute
571 1609 676 1672 omnis
695 1611 732 1672 ut
753 1607 848 1690 bene,
872 1608 920 1673 sic
938 1609 1037 1674 etiam
1053 1609 1130 1672 beate

139 1695 269 1762 vivendi
291 1716 365 1778 spes
387 1699 570 1778 poneretur.
621 1696 710 1773 Quae
733 1716 805 1759 cum
828 1694 915 1760 Zeno
940 1696 1132 1762 didicisseta

139 1785 274 1866 nostris,
297 1787 334 1847 ut
355 1783 390 1846 in
413 1783 595 1848 actionibus
618 1783 794 1868 praescribi
817 1782 915 1867 solet,
939 1783 1004 1848 ‘Du
1026 1797 1132 1849 unum

139 1890 184 1936 un
210 1872 337 1952 [ruem]
361 1887 444 1936 Amo
466 1870 588 1936 nono?
625 1871 697 1936 Hoc
719 1876 755 1935 tu
777 1872 917 1936 nuncin
938 1871 999 1937 illo
1020 1872 1131 1957 probas.

140 1960 270 2037 Scilicet
291 1958 457 2024 vocabulis
479 1980 586 2024 rerum
609 1960 743 2024 mutatis
765 1959 1004 2026 inconstantiae
1027 1960 1157 2025 crimene

138 2048 193 2111 ille
217 2046 343 2130 effugit,
366 2068 426 2111 nos
450 2047 589 2130 effugere
616 2069 682 2111 non
710 2049 895 2131 possumus!
942 2047 1003 2112 Ille
1024 2043 1132 2112 Metelli

139 2136 240 2199 vitam
272 2137 370 2214 negat
396 2135 575 2199 beatiorem
603 2157 700 2218 quam
726 2134 858 2220 Reguli,
887 2135 1132 2220 praeponendam

139 2227 262 2305 tamen,
289 2243 348 2285 nec
371 2223 478 2306 magis
501 2222 726 2306 expetendam,
754 2223 809 2287 sed
832 2224 938 2308 magis
962 2223 1132 2290 sumendam

139 2313 185 2393 et,
208 2311 237 2375 si
260 2309 349 2393 optio
373 2314 471 2394 esset,
499 2310 682 2394 eligendam
704 2308 841 2393 Metelli,
868 2310 992 2396 Reguli
1016 2312 1131 2377 reicien·
1169 2317 1173 2338 ·’

140 2398 228 2482 dam,
251 2418 325 2482 ege,
347 2419 444 2481 quam
466 2398 523 2462 ille
546 2398 805 2482 praeponendam
835 2402 867 2463 et
893 2401 1001 2485 magis
1029 2399 1159 2484 eliger-a

140 2487 229 2570 dam,
260 2486 437 2550 beatiorem
467 2486 552 2550 bane
580 2487 708 2570 appello
738 2508 798 2551 nee
824 2487 890 2551 ullo
920 2489 1055 2552 minimo
1079 2505 1132 2550 mo

85 2597 121 2645 89
141 2578 250 2639 mento
281 2574 353 2657 plus
384 2575 413 2637 ei
442 2575 529 2637 vitae
559 2575 668 2638 tribuo
698 2596 795 2658 quam
824 2572 933 2640 Stoici.
989 2575 1071 2652 Quid
1097 2573 1132 2636 iu·

139 2665 254 2745 terest,
280 2661 344 2725 nisi
373 2661 457 2746 quod
481 2683 542 2746 ego
565 2671 616 2726 res
639 2666 734 2726 notas
757 2663 843 2727 notis
870 2662 979 2728 verbis
1011 2660 1134 2748 appello,

140 2750 190 2813 illi
210 2749 344 2812 nomina
365 2771 450 2814 nova
473 2753 645 2833 quaerunt,
668 2750 785 2835 quibus
807 2749 894 2815 idem
917 2750 1051 2817 dicant?
1087 2749 1135 2826 Ita,

141 2858 235 2920 quem
267 2836 308 2900 ad
340 2837 470 2902 modum
497 2838 532 2902 in
559 2842 675 2902 senatu
703 2859 828 2921 semper
856 2841 907 2903 est
936 2839 1067 2923 aliquis,
1092 2835 1136 2921 qui

140 2923 350 3006 interpretem
381 2926 538 3008 postulet,
576 2925 621 2990 sic
652 2926 709 2990 isti
740 2926 836 2990 nobis
868 2948 942 2991 cum
973 2927 1136 3012 interprete

141 3007 291 3075 audiendi
318 3015 401 3074 suut.
456 3012 583 3077 Bonum
615 3014 757 3097 appello,
787 3014 938 3099 quicquid
975 3014 1138 3080 secundum

141 3102 291 3162 naturam
315 3102 378 3181 est,
401 3100 485 3183 quod
508 3105 628 3181 contra,
651 3101 868 3184 malumsnec
886 3122 947 3186 ego
968 3103 1071 3187 solus,
1092 3097 1140 3165 scd

140 3191 177 3250 tu
196 3187 309 3266 etiam,
333 3182 527 3270 Chrysippo,
550 3189 584 3253 in
602 3188 687 3272 foro,
712 3189 812 3273 domi3
835 3190 869 3253 in
888 3189 1001 3255 schola
1019 3189 1140 3255 desinis.

142 3273 224 3350 Quid
252 3273 351 3358 ergo?
379 3273 474 3338 aliter
500 3275 662 3359 homines,
694 3277 788 3342 aliter
818 3277 1032 3362 philosophos
1061 3273 1141 3362 loqui
1166 3299 1168 3307 ¹

141 3365 237 3446 putas
265 3361 436 3445 oportere?
487 3362 608 3438 Quanti
636 3364 774 3447 quidque
802 3366 858 3448 sit,
884 3366 980 3431 aliter
1007 3367 1094 3433 docti
1114 3365 1142 3427 et

136 3450 276 3535 indocti;
305 3450 361 3516 sed
389 3469 461 3515 cum
489 3452 672 3515 constiterit
698 3453 783 3516 inter
806 3453 933 3538 doctoS,
960 3456 1074 3539 quanti
1097 3472 1141 3517 res
