2356 3870
121 171 187 236 380
314 169 613 225 TUSCULANARUM
630 169 935 226 DISPUTATIONUM

164 333 371 398 Reddenda
388 337 517 398 terrae
536 337 595 397 est
616 334 732 416 tdrra,
755 336 834 398 tum
853 334 936 397 vita
955 335 1123 400 omnibus

32 501 33 505 Ἰ
165 420 356 504 Metenda,
378 424 420 484 ut
441 420 581 505 fruges.
628 419 690 485 Sic
712 421 821 485 iubet
842 421 1078 488 Necessitas

69 557 103 606 co
121 534 272 621 Negabat
294 557 396 621 genus
419 535 481 600 hoc
500 535 656 600 orationis
680 537 850 620 quicquam
868 536 1001 602 omnino
1026 537 1066 602 ad
1086 539 1125 602 le·
1160 530 1170 609 's

121 623 259 689 vandum
278 623 513 708 aegritudinem
529 624 700 707 pertinere.
735 623 774 687 Id
792 625 876 688 enim
894 625 1007 708 ipsum
1025 625 1125 690 dolen-

122 714 198 778 dum
221 733 291 777 esse
314 713 455 794 dicebat,
479 712 564 795 quod
585 712 619 775 in
637 715 707 776 tam
725 712 886 776 crudelem
904 715 1142 778 necessitatene
1168 754 1170 795 ÷

121 801 358 885 incidissemus3
381 822 456 864 nam
474 799 566 865 illam
590 799 719 883 quidem
737 801 918 865 orationem
936 822 977 865 ex
995 823 1124 867 comme

121 889 301 954 moratione
339 888 520 953 alienorum
551 888 711 952 malorum
743 888 784 953 ad
813 888 986 955 malivolos
1021 911 1124 955 conso-

121 977 236 1041 landos
260 998 331 1041 esse
354 975 639 1042 accommodatam.
683 975 765 1040 Mihi
786 997 862 1040 vero
885 977 984 1061 longe
1008 978 1124 1042 videtur
1168 1030 1170 1053 =

122 1086 222 1130 secus.
276 1063 361 1128 Nam
393 1071 427 1127 et
457 1064 632 1128 necessitas
663 1063 814 1129 ferendae
846 1064 1045 1131 condicionis
1074 1065 1124 1129 hu·
1168 1064 1170 1137 ζ

121 1152 715 1324 titt0t¹²ltm⁰¹¹ttt0⁰0dtttt
728 1151 1151 1325 llllltptlltttll

121 1330 223 1406 levat,
255 1333 287 1392 et
319 1291 520 1404 enuineratio
553 1328 785 1412 exemplorum,
820 1350 886 1393 non
918 1333 956 1392 ut
989 1331 1124 1394 animun

121 1416 346 1482 malivolorum
391 1417 548 1500 oblectet,
587 1415 748 1500 adfertur,
789 1416 845 1480 sed
886 1421 923 1480 ut
963 1417 1039 1500 ille,
1078 1417 1125 1500 qui

122 1508 258 1588 maeret,
279 1505 451 1569 ferundum
474 1505 537 1569 sibi
560 1504 593 1568 id
615 1508 758 1586 censeat,
781 1504 864 1589 quod
883 1504 994 1569 videat
1012 1506 1124 1570 multos

69 1610 102 1659 61
121 1594 287 1658 moderate
310 1596 343 1657 et
371 1593 543 1677 tranquille
566 1593 689 1657 tulisse.
735 1591 893 1657 Omnibus
916 1593 1005 1657 enim
1029 1593 1124 1658 modis
1134 1616 1152 1657 1⁵

121 1682 275 1746 fulciendi
292 1685 378 1765 sunt,
397 1682 451 1765 qui
469 1686 568 1744 ruunt
580 1702 639 1745 nec
659 1680 828 1745 cohaerere
845 1684 985 1764 possunt
1003 1685 1125 1765 propter

122 1769 378 1854 magnitudinem
409 1769 629 1852 aegritudinis
683 1767 734 1832 Ex
766 1790 828 1852 quo
856 1768 963 1851 ipsam
992 1771 1125 1854 aegritu·

122 1858 229 1923 dinem
272 1853 381 1940 λύπην
422 1855 624 1940 Chrysippus
666 1857 759 1941 quasi
797 1856 994 1920 solutionem
1031 1859 1125 1922 totius

121 1946 261 2011 hominis
296 1945 492 2029 appellatam
523 1947 629 2029 putat;
666 1965 747 2028 quae
782 1948 854 2008 tota
884 1946 1008 2027 poterit
1041 1943 1126 2011 evelli

122 2034 295 2117 explicata,
327 2037 364 2096 ut
390 2032 548 2117 principio
581 2033 660 2114 dixi,
692 2053 790 2096 causa
821 2032 1053 2117 aegritudinis3
1084 2036 1155 2097 estu

122 2123 208 2186 enim
235 2122 325 2185 nulla
352 2121 416 2185 alia
442 2121 508 2185 nisi
535 2121 644 2203 opinio
674 2124 707 2184 et
728 2119 881 2184 iudicium
904 2121 1018 2204 magni
1043 2142 1125 2206 prae

123 2210 223 2274 sentis
247 2213 343 2292 atque
366 2209 512 2292 urgentis
536 2208 622 2271 mali.
667 2207 780 2291 Itaque
804 2211 838 2271 et
862 2207 957 2273 dolor
979 2209 1127 2293 corporis,

122 2297 212 2362 ouius
241 2300 290 2361 est
316 2318 442 2362 morsus
471 2296 657 2378 acerrime,
688 2295 848 2378 perfertur
875 2317 933 2380 spe
965 2298 1126 2382 proposita

121 2385 212 2469 boni,
240 2390 273 2449 et
301 2389 374 2450 acta
401 2388 490 2449 aetas
517 2384 651 2449 honeste
675 2405 712 2455 ac
736 2383 901 2466 splendide
928 2387 1059 2449 tantam
1080 2384 1126 2448 ad-

120 2474 185 2539 fert
211 2474 479 2557 consolationem,
506 2476 543 2535 ut
565 2493 633 2554 eos,
663 2472 718 2554 qui
741 2471 789 2535 ita
811 2471 965 2554 vixerint,
989 2478 1047 2537 aut
1069 2493 1154 2536 nonu

122 2563 264 2647 attingat
287 2562 456 2645 aegritudo
481 2562 537 2624 aut
559 2559 733 2643 perleviter
759 2564 884 2643 pungat
908 2561 1010 2624 animi
1033 2561 1125 2626 dolor.

68 2659 111 2724 26
188 2650 250 2716 Sed
269 2651 309 2714 ad
331 2650 415 2714 hano
434 2648 619 2732 opinionem
637 2647 747 2732 magni
766 2648 844 2711 mali
863 2668 935 2712 curn
959 2649 1019 2712 illa
1037 2650 1125 2713 etiam

122 2739 232 2822 opinio
252 2738 402 2821 accessit,
421 2740 579 2820 oportere,
596 2738 719 2800 rectum
739 2757 819 2819 esse,
839 2735 880 2799 ad
899 2735 1045 2800 officium
1062 2756 1124 2819 per·

121 2827 224 2890 tinere
251 2827 337 2890 ferre
364 2825 444 2890 illud
472 2845 580 2910 aegre,
604 2823 689 2908 quod
711 2823 875 2906 acciderit,
902 2827 974 2887 turn
997 2824 1123 2907 deniqne

69 2930 102 2978 62
123 2914 261 2979 efficitur
287 2914 344 2977 illa
367 2913 477 2998 gravis
500 2912 713 2997 aegritudinis
741 2911 955 2994 perturbatio.
999 2911 1051 2976 Ex
1072 2911 1151 2974 hacc

124 3002 274 3085 opinione
294 3004 369 3065 sunt
391 3002 448 3065 illa
466 3001 557 3065 varia
575 3003 608 3063 et
631 2998 836 3064 detestabilia
854 3018 974 3083 genera
992 2996 1122 3084 lugendi,

122 3090 292 3174 paedores,
329 3088 503 3153 muliebres
535 3087 747 3153 lacerationes
784 3106 953 3171 genarum,
984 3085 1121 3170 pectoris,

121 3178 291 3260 feminum,
324 3175 441 3258 capitis
472 3177 709 3259 percussionem
740 3175 816 3238 hino
845 3175 901 3238 ille
931 3175 1120 3260 Agamemno

121 3265 312 3331 Homericus
336 3266 369 3327 et
392 3263 478 3328 idem
501 3264 661 3328 Accianus

168 3379 352 3445 Scindens
376 3378 508 3443 dolore
530 3373 741 3443 identidem
759 3377 956 3442 intonsam
974 3390 1142 3454 domama

120 3505 156 3569 in
195 3526 258 3588 quo
289 3503 430 3568 facetum
461 3501 542 3565 illud
573 3499 699 3586 Bionis,
734 3501 866 3584 perinde
904 3501 1116 3566 stultissimum
