2346 3876
128 149 194 213 244
294 149 341 204 DE
361 150 505 205 FINIBUS
524 150 704 206 BONORUM
721 151 769 206 ΕΤ
786 150 974 208 monum

127 312 245 395 phonti
272 311 539 397 Dinomachoque
570 313 707 397 placuit,
742 317 799 378 aut
830 313 952 378 doloris
985 314 1119 394 16611116,

128 405 166 464 ut
196 399 354 484 Diodorc,
387 403 444 465 aut
474 401 579 484 prima
610 403 757 484 naturae,
795 404 833 464 ut
865 401 1021 485 antiquis,
1054 410 1118 484 quos

129 487 259 552 eosdem
282 487 493 553 Academicos
517 492 551 552 et
572 488 805 572 Peripateticos
827 489 1040 554 nominamus.
1072 486 1120 552 Sed

129 576 282 658 quoniam
300 598 367 641 non
388 580 527 659 possunt
545 576 655 640 omnia
673 575 770 639 simul
794 575 871 658 dici,
894 575 975 640 haec
992 577 1027 640 in
1047 596 1120 659 prae

128 663 235 728 sentia
260 667 341 728 nota
367 684 438 728 esse
464 663 640 747 debebunt,
672 664 874 747 voluptatem
907 664 1136 747 semovendam

129 773 212 834 6666,
240 751 367 834 quando
396 751 436 815 ad
463 751 589 815 maiora
611 752 782 834 quaedem,
808 751 935 815 utiam
960 751 1119 835 apparebit,

128 840 199 903 nati
231 860 349 903 sumus.
403 837 453 903 De
484 839 644 902 vacuitate
677 839 798 902 doloris
831 838 943 903 cadem
973 840 1042 903 fere
1072 836 1121 903 dici

128 927 248 1010 solent,
280 948 361 1008 quac
394 927 433 990 de
465 927 641 1010 voluptate.
697 925 871 1006 [Quoniam
901 926 1006 1010 igitur
1035 931 1067 991 et
1093 925 1121 988 de

127 1014 295 1097 voluptate
318 1035 390 1077 curn
413 1013 577 1097 Torquato
602 1017 635 1078 et
657 1014 697 1077 16
719 1013 905 1096 honestate,
928 1015 965 1078 in
988 1036 1051 1098 qua
1071 1035 1121 1077 una

128 1123 221 1166 omne
243 1102 366 1165 bonum
387 1104 573 1184 poneretur,
601 1122 674 1166 cum
697 1098 821 1166 Catone
849 1104 900 1164 est
926 1101 1123 1185 disputatum,
1132 1123 1148 1158 n

128 1189 282 1270 primurn,
310 1210 391 1271 quae
419 1191 534 1254 contra
562 1189 762 1272 voluptatem
790 1189 877 1252 dicta
904 1192 995 1271 sunt,
1025 1189 1122 1253 eadem

76 1277 195 1340 111616
227 1277 345 1340 cadunt
378 1279 491 1341 contra
522 1277 717 1340 vacuitatem
750 1275 894 1356 doloris]
955 1275 1026 1342 Nec
1059 1296 1124 1341 vero

129 1363 194 1428 alia
227 1366 303 1428 sunt
335 1364 517 1446 quaerenda
549 1367 661 1429 contra
693 1361 906 1428 Carneadiam
943 1365 1036 1429 illam
1069 1386 1124 1429 6611·

127 1451 272 1516 tentiam.
327 1450 534 1534 Quocumque
567 1451 652 1515 enim
684 1451 779 1516 modo
815 1472 978 1516 summum
1014 1453 1124 1518 bonum

129 1541 174 1604 sic
197 1540 380 1622 exponitur,
407 1541 444 1603 ut
471 1539 504 1603 id
532 1542 627 1604 vacet
653 1539 837 1622 honestate,
863 1560 924 1603 1160
948 1539 1058 1605 officia
1078 1557 1152 1604 116011

127 1628 263 1692 virtutes
286 1627 531 1691 incuratione
554 1648 614 1691 nec
637 1627 798 1691 amicitiae
818 1630 969 1692 constare
992 1630 1127 1710 possunt

128 1713 320 1780 Coniunctic
348 1718 456 1778 autem
485 1736 558 1778 cum
587 1714 757 1778 honestate
789 1714 841 1777 vel
873 1715 1057 1797 voluptatis
1087 1713 1128 1776 vel

126 1824 192 1866 non
214 1802 343 1866 dolendi
365 1802 398 1867 id
420 1803 525 1885 ipsum
552 1801 740 1883 honestum,
770 1801 855 1884 quod
883 1801 1039 1886 amplecti
1061 1802 1128 1876 vult

127 1890 161 1953 id
184 1889 284 1953 efficit
306 1893 409 1972 turpe.
453 1888 506 1953 Ad
529 1909 582 1954 eas
606 1890 691 1952 enim
715 1910 765 1953 res
787 1888 919 1972 referre,
943 1911 1028 1974 quae
1051 1909 1128 1975 agae,

129 1999 264 2062 quarum
295 1998 372 2061 una,
404 1977 432 2040 si
465 1977 535 2060 quis
568 1977 654 2041 malo
687 1979 808 2059 carcat,
841 1977 877 2040 in
907 1998 1038 2042 summo
1066 1996 1157 2041 cumn

127 2065 214 2128 bono
246 2064 332 2128 dicat
362 2085 444 2147 6666,
477 2065 579 2128 altera
611 2067 756 2128 versetur
787 2065 822 2127 in
848 2064 1018 2129 levissima
1047 2068 1129 2149 parte

128 2154 272 2233 naturae,
291 2152 495 2216 obscurantis
515 2155 565 2215 est
583 2172 711 2215 omnem
726 2152 928 2236 splendorem
948 2152 1131 2233 honestatis,

128 2260 168 2302 ne
201 2239 306 2302 dicam
337 2239 546 2323 inquinantis.
599 2239 739 2304 Restant
771 2237 885 2322 Stoici,
924 2240 981 2324 qui
1016 2262 1088 2306 cum
1115 2260 1131 2301 a

127 2325 354 2408 Peripateticis
377 2330 411 2391 et
433 2327 633 2392 Academicis
657 2327 766 2392 omnia
796 2326 1058 2413 transtulissent,
1082 2349 1129 2392 no·

128 2414 269 2479 minibus
299 2414 373 2479 aliis
406 2415 534 2479 casdem
566 2435 618 2479 166
646 2415 747 2479 secuti
782 2418 865 2479 sunt.
920 2414 992 2480 Hos
1028 2419 1161 2481 contrua

129 2503 273 2586 singulos
305 2502 368 2567 dici
400 2507 448 2566 est
477 2502 600 2566 melius
654 2501 715 2566 Sed
746 2524 844 2586 nunc,
877 2502 964 2586 quod
997 2505 1131 2588 agimus3

76 2603 109 2652 23
129 2592 167 2655 (16
194 2590 275 2671 11116,
307 2612 381 2654 cum
411 2591 565 2654 volemus.
620 2589 798 2654 Democriti
830 2592 938 2653 autem
973 2592 1133 2670 securitas,

129 2698 210 2761 quae
237 2682 288 2740 est
314 2678 415 2742 animi
442 2677 676 2761 tranquillitas,
704 2698 799 2760 quam
828 2677 1009 2760 appellavit
1040 2673 1133 2742 scitu

128 2767 224 2846 μίαν,
243 2786 281 2829 60
300 2764 480 2848 separanda
496 2765 559 2829 fuit
577 2766 618 2828 ab
636 2765 698 2829 hac
720 2765 953 2848 disputatione,
978 2766 1057 2848 quia
1076 2766 1134 2829 ista

130 2851 228 2914 animi
250 2853 471 2936 tranquillitas
496 2874 534 2916 ec
558 2857 607 2916 est
630 2853 703 2935 ipsa
725 2852 823 2916 beata
843 2851 925 2934 vita3
955 2854 1167 2936 quaerimusa

129 2940 250 3020 autem,
281 2960 348 3003 non
379 2961 460 3023 quae
492 2941 547 3017 sit,
522 2940 637 3003 1661
668 2940 752 3003 unde
785 2940 835 3004 sit
885 2937 956 3002 Iam
988 2941 1135 3025 explosae

129 2988 310 3108 eiectaeque
329 3028 507 3092 sententiae
525 3027 718 3110 Pyrrhonis,
736 3026 827 3091 Arist
813 3027 914 3110 tonia,
937 3026 1038 3092 Erilli
1056 3027 1137 3113 quod

128 3115 164 3176 in
185 3111 271 3177 hunc
295 3114 419 3198 orbem,
442 3136 550 3196 quem
560 3114 882 3215 circumscripsimus,
908 3115 1053 3181 incidere
1074 3136 1137 3180 non

128 3204 279 3284 possunt,
303 3199 501 3266 adhibendae
528 3203 660 3267 omnino
683 3222 748 3266 non
770 3201 908 3266 fuerunt.
954 3200 1045 3268 Nam
1067 3223 1137 3268 cum

130 3288 233 3354 omnis
261 3287 341 3353 hacc
369 3293 482 3372 quaest
483 3289 514 3354 10
468 3289 582 3353 116
604 3289 780 3353 finibuset
808 3290 900 3372 quasi
923 3289 963 3354 dc
986 3291 1167 3356 6111611166

129 3378 289 3441 bonorum
319 3379 352 3441 et
379 3378 538 3442 malorum
566 3377 606 3442 ab
630 3397 668 3440 co
691 3373 931 3461 proficiscatur,
958 3379 1046 3461 quod
1063 3378 1139 3442 dixi·

125 3485 200 3528 mus
222 3469 361 3532 naturae
384 3487 454 3530 asse
478 3468 589 3548 aptum
613 3467 646 3528 et
673 3465 965 3548 accommodatum,
991 3466 1139 3550 quodque
