2346 3876
259 176 327 233 LIB.
346 177 367 231 1.
395 175 472 230 car.
492 182 579 232 0-1.
607 182 622 242 a
643 183 762 232 10-13.
947 175 1012 241 283

73 338 114 399 A.
141 335 277 402 Prorsus
307 336 371 401 isto
399 337 508 419 modo,
538 341 572 402 et
601 340 711 402 tamen
740 338 875 404 miseros
905 340 947 403 ob
980 339 1012 403 id
1087 383 1092 396 ·

24 445 112 505 psum
136 423 278 507 quidem,
301 425 377 507 quia
399 426 480 489 nulli
505 426 579 489 sint.

72 517 117 576 M.
146 510 217 577 Iam
251 513 382 576 mallem
415 511 589 578 Cerberum
621 518 780 579 metueres
817 535 913 598 quam
949 515 1013 579 istc
1032 529 1064 576 10

24 621 74 662 am
97 599 334 664 inconsiderate
357 600 487 666 diceres.

71 688 113 751 A.
142 686 225 763 Quid
248 688 401 752 tandem?

72 781 117 838 M.
142 774 243 851 Quem
266 797 337 841 esse
358 797 472 861 negas,
496 778 631 842 eundem
655 800 725 842 esse
749 778 838 842 dicis.
876 777 942 843 Ubi
965 783 1013 844 est

24 883 141 926 ‚cumen
162 863 276 927 tuum?
327 862 407 928 Cum
435 865 521 929 enim
549 865 703 930 miserum
726 887 795 931 0000
819 867 913 950 dicis,
941 871 1012 931 tum

24 973 92 1034 um,
116 950 172 1034 qui
193 973 258 1015 non
282 953 340 1036 sit,
363 953 441 1018 dicis
465 975 543 1017 esse.

71 1038 113 1102 A.
140 1037 215 1103 Non
238 1061 308 1103 sum
331 1041 380 1104 ita
401 1039 513 1120 hebes,
536 1046 572 1105 ut
595 1042 682 1107 istud
704 1042 817 1107 dicam.

70 1133 117 1189 M.
140 1125 224 1201 Quid
247 1127 393 1213 dicisigr
385 1128 468 1192 tur?

70 1215 112 1278 A.
142 1213 298 1280 Miserum
327 1237 398 1280 esse
431 1216 523 1281 verbi
550 1239 647 1282 eausa
679 1225 723 1282 Μ.
758 1216 924 1302 Crassum,
956 1220 1011 1305 qui

24 1302 77 1367 las
96 1301 244 1367 fortunas
263 1307 366 1367 morte
386 1304 553 1388 dimiserit,
531 1307 723 1370 tmiserum
742 1305 798 1371 Cn.
812 1306 1010 1391 Pompeium,

24 1390 58 1471 ui
81 1393 176 1455 tanta
198 1391 304 1474 gloria
327 1391 370 1454 sit
393 1393 488 1456 orbat
474 1397 540 1477 tus,
568 1395 672 1458 omnis
700 1394 835 1476 denique
865 1397 1010 1479 11100100,

26 1478 58 1540 ui
81 1477 144 1542 hac
166 1479 237 1543 luce
261 1483 401 1543 careant.

70 1572 115 1629 M.
139 1565 327 1631 Revolveris
346 1567 468 1631 eodem.
505 1565 578 1633 Sint
596 1569 682 1632 enim
699 1572 836 1652 oportet,
855 1570 883 1633 si
902 1572 1011 1635 miseri

24 1658 92 1737 unt3
119 1657 156 1718 tu
184 1656 291 1718 autem
320 1655 415 1719 modo
443 1657 586 1739 negabas
614 1678 669 1722 eos
698 1678 780 1738 esse,
810 1657 865 1740 qui
892 1660 1011 1722 mortui

24 1704 120 1806 suerit.
158 1739 193 1806 Si
214 1743 317 1826 igitur
334 1765 400 1807 non
424 1748 513 1826 sunt,
536 1744 619 1808 nihil
639 1749 777 1828 possunt
800 1765 916 1828 csse31
906 1746 952 1810 ita
970 1769 1010 1810 ne

24 1829 114 1893 riseri
137 1829 266 1913 quidem
293 1833 374 1895 sunt.

69 1921 111 1982 A.
138 1917 214 1982 Non
246 1918 317 1985 dico
349 1919 552 1983 fortasset
520 1921 633 2002 etiam,
665 1921 750 2005 quod
783 1925 856 1986 sent
856 1921 902 2004 io;
934 1943 1011 1985 nam

24 2007 120 2070 stuc
109 2028 231 2088 ipsum,
253 2029 319 2071 non
342 2028 425 2090 esse,
449 2029 521 2072 cum
544 2008 660 2091 fucris,
683 2009 898 2073 miserrimum
921 2013 1010 2092 puto.

68 2098 114 2157 M.
134 2093 241 2170 Quid?
260 2095 408 2163 miserius
428 2116 525 2179 qua-m
544 2097 674 2160 omnino
693 2119 870 2181 numquam
888 2097 1009 2162 fuisse?
1031 2110 1062 2157 13

24 2185 67 2264 ta,
99 2181 154 2265 qui
184 2182 327 2246 nondum
356 2182 427 2246 nati
457 2187 546 2267 sunt,
579 2185 691 2248 miseri
721 2186 786 2249 iam
817 2188 904 2269 sunt,
936 2185 1012 2270 quia

24 2291 68 2334 ,011
88 2274 177 2352 sunt,
200 2273 233 2333 et
250 2292 325 2354 nos,
343 2271 371 2334 si
389 2274 465 2354 post
483 2276 622 2336 mortem
641 2274 752 2337 miseri
771 2274 872 2337 futuri
892 2295 1011 2355 sumus,

24 2357 114 2422 riseri
137 2356 255 2422 fuimus
279 2362 366 2442 ante,
389 2380 486 2442 quam
503 2360 581 2423 nati.
618 2360 690 2444 Ego
709 2365 816 2424 autem
838 2381 905 2424 non
927 2382 1011 2424 com·

24 2446 151 2529 remini,
180 2449 255 2510 ante
284 2469 380 2531 quam
409 2469 480 2511 sum
506 2450 616 2530 natus,
647 2468 698 2510 me
725 2448 891 2531 miserum3
917 2450 954 2510 tu
982 2449 1011 2512 si

24 2533 135 2599 reliore
149 2535 307 2598 memoria
319 2557 362 2618 es,
375 2534 472 2598 velim
488 2535 577 2612 00110,
597 2534 710 2617 ecquid
729 2534 767 2597 de
785 2539 817 2598 te
835 2535 1010 2600 recordere.

69 2625 110 2688 A.
138 2622 221 2687 Ita
212 2623 330 2687 1ocaris
335 2622 459 2706 ,quasi
482 2643 543 2706 ego
568 2622 673 2686 dicam
697 2643 751 2686 000
777 2622 925 2705 miseros,
954 2624 1048 2706 quir

24 2714 74 2777 ati
101 2733 167 2776 non
195 2712 274 2793 sint,
302 2713 335 2775 et
356 2732 423 2775 non
446 2732 501 2774 000
524 2711 674 2793 miseros,
703 2710 758 2793 qui
781 2711 902 2775 mortui
925 2714 1010 2829 sunt.

69 2806 115 2865 M.
138 2799 219 2863 Esse
243 2819 319 2883 ergo
344 2820 398 2863 cos
422 2798 510 2862 dicis.

69 2890 111 2952 A.
138 2887 241 2952 Immo
248 2939 257 2972 ‚
290 2887 365 2972 quia
395 2909 461 2951 11011
493 2887 572 2969 sint,
610 2908 683 2951 cum
713 2886 850 2970 fuerint,
882 2907 919 2951 00
952 2887 1011 2951 mi-

24 2998 93 3043 cros
118 2997 195 3040 esse.

70 3071 116 3130 M.
143 3063 327 3148 Pugnantia
360 3067 394 3128 te
425 3063 514 3146 loqui
545 3084 612 3127 non
642 3062 755 3127 uides?
810 3060 893 3137 Quid
926 3063 1012 3126 enim

24 3175 71 3217 am
100 3156 236 3236 pugnat,
265 3173 361 3235 quam
388 3172 454 3215 non
481 3151 577 3214 modo
604 3151 771 3232 miserum,
802 3151 859 3214 sed
881 3150 1010 3214 omnino

24 3243 175 3358 ¹uicquam
203 3260 285 3321 0000,
314 3240 369 3322 qui
395 3261 461 3304 non
489 3237 554 3302 sit?
606 3238 660 3302 An
682 3242 718 3302 tu
741 3259 889 3321 egressus
916 3240 1012 3318 porta
1076 3281 1081 3292 ·

24 3329 136 3412 'apena
159 3350 231 3393 cum
255 3325 408 3409 Calatini,
431 3324 630 3409 Scipionum,
654 3323 877 3408 Serviliorum,
899 3322 1011 3388 Metel-

24 3438 110 3482 ›rum
134 3416 280 3498 sepulcra
302 3415 406 3498 vides,
431 3415 566 3479 miseros
591 3417 687 3497 putas
710 3412 806 3476 illos?

69 3505 111 3570 A.
140 3502 301 3579 Quoniam
332 3525 383 3567 me
410 3502 508 3566 verbo
538 3500 672 3584 premis,
704 3505 777 3584 post
763 3500 838 3563 thac
869 3521 935 3565 non
964 3499 1014 3563 ita
