2346 3876
223 178 331 235 11111.
360 177 437 232 cnr.
456 183 578 247 rc-rr.
605 184 798 243 §roe-113.
948 177 1013 242 323

24 340 179 424 utabant,
201 340 306 422 isque,
333 339 389 423 qui
412 339 474 403 hoc
496 338 659 422 Diagorae
683 338 778 415 dixit,
802 361 1013 425 permagnum

24 429 193 494 xistimans
228 427 288 492 tris
321 426 563 511 Olympionicas
599 448 665 492 una
702 447 719 491 1
754 426 850 492 dumo
884 427 1013 510 prodire

24 517 148 582 unctari
165 514 260 579 illum
279 514 398 579 diutins
412 515 447 578 in
464 514 533 578 vita
549 513 699 578 fortunae
718 514 880 579 obiectum
897 516 1013 580 inutile

24 605 142 670 utabat
173 603 246 687 ipsi.
298 602 371 687 Ego
404 606 513 667 autem
544 602 606 666 tibi
638 601 778 686 quidem,
815 602 902 687 quod
931 604 1012 668 satis

24 696 103 776 aet,
134 690 246 775 paucis
273 691 396 771 verbis,
427 694 463 754 nt
488 689 568 755 mihi
600 689 747 773 videbar,
775 691 1013 773 responderam.

24 780 218 846 loncesserae
241 778 327 842 enim
344 778 435 843 nullo
458 778 492 841 in
512 777 597 843 malo
616 782 761 842 mortuos
785 799 867 862 esse,
890 778 947 843 sed
970 780 1012 844 ob

24 891 73 933 am
92 888 225 933 eausam
244 866 406 948 contendi,
429 871 466 930 ut
482 865 578 949 plura
595 865 746 949 dicerem,
769 866 854 950 quod
876 867 911 931 iu
928 867 1013 931 desi-

24 957 92 1021 erio
117 959 150 1019 et
172 954 261 1019 luctu
283 955 363 1019 haec
387 957 437 1018 111
459 953 638 1018 consolatio
661 954 811 1018 maxima.
855 952 1012 1019 Nostrum

24 1045 89 1108 uim
108 1048 141 1106 et
158 1047 271 1108 nostra
289 1063 387 1106 causa
406 1045 591 1124 susceptum
614 1041 757 1107 dolorem
779 1042 905 1107 modice
927 1043 1013 1108 ferre

24 1133 171 1215 abemus,
193 1151 234 1195 ne
255 1133 385 1195 nosmet
408 1129 498 1213 ipsos
522 1151 630 1194 amare
652 1129 825 1195 videamur.
877 1130 940 1195 Illa
961 1154 1012 1196 su·

24 1220 106 1304 pieio
136 1218 336 1283 intolerabili
371 1218 482 1282 delore
517 1218 653 1301 cruciat,
668 1238 671 1243 ’
685 1219 713 1282 si
745 1220 918 1303 opinamur
949 1242 1035 1303 eos„

24 1308 120 1373 uibus
155 1306 262 1372 orbati
294 1327 417 1388 sumus,
447 1326 516 1370 esse
544 1327 617 1370 cnm
649 1307 757 1391 aliquo
784 1327 881 1372 sensu
908 1309 943 1375 in
972 1309 1012 1373 iis

24 1396 98 1461 ralis
103 1445 112 1479 ,
134 1394 251 1479 quibus
270 1394 367 1478 volgo
391 1393 574 1477 opinentur.
609 1392 704 1460 Hanc
723 1398 869 1460 excutere
889 1396 1012 1480 opinio·

24 1506 77 1550 em
91 1483 241 1548 mihimet
258 1483 346 1548 volui
363 1481 519 1546 radicitus
538 1503 638 1565 eoque
655 1482 704 1547 fni
722 1483 860 1548 fortasse
874 1484 1013 1569 longior.
1022 1535 1064 1598 47

68 1572 111 1636 A.
138 1570 186 1636 Tu
200 1568 349 1655 longior?
362 1591 426 1635 non
442 1569 522 1634 mihi
536 1570 674 1653 quidem.
708 1570 802 1634 Prior
816 1571 900 1634 enim
914 1593 990 1654 pars
1016 1613 1066 1661 112

24 1660 161 1724 rationis
188 1661 263 1723 tuae
292 1657 446 1740 faciebat,
473 1661 510 1721 ut
537 1658 620 1722 mori
653 1679 814 1741 cuperem,
844 1660 1014 1743 posterior,

24 1751 39 1812 t
70 1745 168 1811 modo
199 1767 265 1811 non
295 1746 429 1827 nollem,
462 1745 557 1810 modo
590 1767 657 1810 non
693 1747 887 1828 laborarem3
924 1749 1012 1811 omni

24 1839 114 1901 utem
137 1835 281 1900 oratione
304 1833 385 1898 illud
408 1837 495 1898 certe
523 1833 702 1918 perfectum
725 1839 788 1917 est,
816 1837 852 1898 ut
874 1839 1013 1900 mortem

24 1945 69 1989 011
91 1922 240 1987 ducerem
263 1923 299 1987 in
321 1923 423 1986 malis.

67 2016 115 2075 Μ.
138 2009 224 2074 Num
243 2009 344 2094 igitur
362 2010 462 2074 etiam
480 2009 647 2075 rhetorum
666 2009 830 2095 epilogum
853 2009 1012 2076 desidera-

24 2098 100 2164 rus?
123 2119 166 2162 an
188 2097 270 2162 hanc
292 2098 359 2163 iam
382 2101 484 2162 artem
506 2097 604 2181 plane
627 2098 859 2182 relinquimus?

69 2187 112 2251 A,
139 2186 187 2250 Tu
217 2207 294 2251 vero
325 2186 425 2250 istam
450 2206 497 2249 111
534 2187 718 2271 reliqueris,
754 2208 850 2270 quam
887 2208 1014 2272 semper

24 2274 143 2356 mesti,
166 2277 200 2337 et
221 2273 351 2356 quidem
369 2275 451 2357 iure3
475 2273 534 2337 illa
556 2275 642 2338 euim
664 2278 711 2356 te,
734 2295 845 2339 verum
870 2275 899 2338 si
922 2275 1012 2359 loqui

24 2362 166 2444 clumns,
194 2365 372 2427 ornaverat.
423 2359 485 2425 sed
514 2362 645 2445 quinam
673 2364 724 2425 est
752 2362 815 2425 iste
844 2362 1013 2447 epilogus?

24 2472 85 2516 veo
109 2450 193 2515 enim
217 2449 341 2532 audire,
366 2449 518 2532 quicquid
540 2453 598 2513 est.

68 2543 116 2601 M.
138 2536 280 2601 Deorum
299 2536 531 2601 immortalium
554 2535 673 2600 iudicia
691 2536 798 2602 solent
815 2538 850 2600 in
868 2537 989 2602 scholis
1013 2556 1064 2605 113

24 2626 147 2691 referre
167 2624 205 2688 de
224 2628 342 2707 morte,
364 2646 423 2688 nec
441 2645 518 2689 vero
537 2645 576 2689 ea
597 2624 719 2709 fingere
738 2624 815 2709 ipsi,
838 2624 893 2688 sed
911 2625 1011 2691 Herc-

24 2717 80 2779 010
99 2715 228 2777 auctore
252 2712 388 2795 aliisque
410 2711 566 2795 pluribus.
603 2711 746 2776 Primum
764 2712 885 2796 Argiae
908 2736 1011 2779 eccer-

24 2802 90 2866 otis
111 2798 240 2865 Cleobis
264 2802 296 2863 et
314 2799 416 2864 Biton
437 2799 498 2863 filii
520 2800 757 2883 praedicantur.
793 2799 882 2866 Nota
899 2800 1012 2867 fabula

24 2893 61 2954 11.
108 2885 189 2952 Cum
217 2889 302 2952 enim
328 2887 419 2951 illam
448 2886 488 2951 ad
518 2887 671 2952 sollemne
703 2893 737 2952 et
764 2891 885 2952 statum
915 2893 1010 2955 sacri-

24 2976 112 3041 cium
134 2996 229 3040 eurru
251 2976 326 3040 vehi
353 2976 402 3040 ius
426 2978 511 3040 esset
534 2975 615 3042 satis
638 2975 735 3061 longe
761 2976 801 3041 ab
826 2978 944 3061 oppido
968 2980 1009 3043 ad

24 3085 128 3148 mum,
150 3067 415 3146 morarenturque
438 3064 594 3147 iumenta,
616 3068 687 3128 tum
709 3065 840 3130 iuvenes
864 3066 902 3149 ii,
918 3088 1011 3150 *quos

24 3151 100 3218 rodo
117 3152 291 3238 nominavi,
309 3154 399 3215 veste
413 3152 523 3235 posita
540 3172 675 3235 corpora
694 3154 766 3218 oleo
783 3157 1011 3237 perunxerunt,

24 3240 43 3304 d
66 3240 180 3324 iugum
198 3242 409 3304 accesserunt.
445 3239 497 3304 Ito
515 3240 664 3305 sacerdos
683 3240 818 3306 advecta
836 3241 1009 3323 insanum,

24 3349 76 3394 nm
95 3349 207 3392 currus
227 3331 312 3392 esset
330 3326 443 3391 ductus
466 3349 487 3391 a
504 3327 595 3411 filiis,
618 3332 749 3412 precata
767 3351 786 3393 a
806 3327 865 3392 dea
883 3328 1009 3411 dieitur,

24 3421 40 3481 t
60 3417 97 3481 id
117 3415 183 3482 illis
205 3414 341 3498 praemii
363 3415 455 3480 daret
475 3438 514 3498 pr
612 3420 692 3498 tate,
717 3415 802 3499 quod
825 3437 1009 3481 maxumum

516 3438 534 3481 0
580 3437 610 3480 11

24 3504 137 3571 omini·
154 3503 225 3568 dari
251 3505 363 3586 posset
389 3524 410 3566 a
435 3439 617 3632 dem‘
639 3503 786 3588 epulatos
811 3524 889 3568 oum
905 3505 1016 3568 matre
1103 3504 1108 3539 ·¹

808 3607 867 3664 m*
