2346 3876
309 138 377 194 ΜΒ.
395 139 442 193 IV.
471 137 548 193 CAP.
567 144 689 194 29—31.
717 143 873 203 §ca-er.
1029 136 1094 201 417

83 300 199 366 cienda
222 321 273 383 ea,
296 321 378 384 quae
401 321 520 385 magna
543 303 576 364 et
598 298 765 364 laetabilia
784 300 951 364 ducuntur.
987 299 1095 388 Atque

80 389 146 453 hoc
176 389 304 471 quidem
335 409 502 453 commune
532 387 692 453 malorum
722 390 756 451 et
784 387 956 470 bonorum,
985 390 1035 470 ut,
1067 389 1095 452 si

81 477 151 540 iam
178 475 309 539 difficile
339 476 382 539 sit
408 475 600 558 persuadere
622 475 704 540 nihil
728 496 839 554 earum
861 497 981 564 rerum,
1012 496 1095 558 quae

82 563 277 647 perturbent
304 563 461 646 animum,
489 565 544 627 aut
571 563 605 627 in
632 563 726 628 bonis
754 567 811 627 aut
839 563 874 627 in
900 563 995 626 malis
1024 584 1094 626 esse

56 650 294 733 shabendum,
313 653 423 713 tamen
453 650 517 714 alia
546 651 586 714 ad
616 651 714 715 alium
740 654 866 715 motum
899 651 1023 716 curatio
1051 651 1095 715 sit

83 738 269 803 adhibenda
306 738 432 822 aliaque
469 742 594 802 ratione
635 737 821 821 malivolus,
858 737 924 803 alia
959 741 1094 822 amator,

83 827 151 890 alia
177 847 287 889 rursus
317 828 445 908 anxius,
473 826 539 890 alia
565 826 697 890 timidus
725 826 942 911 corrigendus.
985 827 1093 910 Atque
1113 839 1148 888 66

84 917 156 978 erat
181 912 279 978 facile
308 917 494 996 sequentem
527 935 599 977 eam
630 914 803 997 rationem,
835 935 917 997 quae
945 936 1094 978 maxume

83 1002 242 1086 probatur
269 1001 308 1064 de
335 1002 429 1066 bonis
454 1005 487 1065 ct
509 1002 618 1084 malis,
645 1021 763 1085 negare
791 1023 945 1085 umquam
966 1001 1095 1067 laetitia

39 1115 72 1154 ιο
86 1089 180 1153 adfici
202 1110 298 1172 posse
320 1089 539 1173 insipientem,
566 1089 651 1173 quod
673 1089 756 1153 nihil
778 1112 930 1174 umquam
960 1089 1095 1155 haberet

85 1177 171 1242 boni.
217 1174 280 1240 Sed
302 1177 465 1261 loquimur
485 1199 571 1242 nunc
595 1199 683 1242 more
707 1178 877 1242 communi.
920 1175 992 1242 Sint
1016 1200 1094 1242 sane

85 1266 151 1329 ista
176 1265 277 1346 bona,
305 1286 387 1348 quae
419 1268 589 1348 putantur,
620 1265 775 1355 honoreS,
806 1266 950 1349 divitiae,
982 1266 1094 1350 volup-

85 1356 185 1435 tates,
216 1355 335 1434 cetera,
364 1356 475 1417 tamen
504 1354 540 1417 in
570 1354 616 1416 eis
647 1353 727 1436 ipsis
755 1353 919 1436 potiundis
947 1353 1094 1418 exultans

86 1441 295 1525 gestiensque
312 1441 439 1504 laetitia
457 1441 561 1524 turpis
580 1445 643 1524 est,
665 1444 716 1525 ut,
739 1441 767 1504 si
784 1442 888 1505 ridere
906 1463 1095 1507 concessum

48 1551 74 1592 rs
87 1529 143 1612 sit,
166 1530 367 1611 vituperetur
388 1528 499 1593 tamen
517 1527 729 1593 cachinnatio.
763 1528 887 1592 Eodem
906 1529 991 1593 enim
1013 1530 1094 1595 vitio

87 1620 136 1682 est
155 1615 275 1679 ecfusio
295 1616 396 1680 animi
418 1618 454 1680 in
476 1616 614 1699 laetitia,
637 1637 700 1700 quo
719 1616 754 1680 in
777 1616 887 1681 dolore
906 1619 1095 1700 contracti0,

87 1705 259 1787 eademque
295 1703 429 1768 levitate
461 1704 621 1787 cupiditas
658 1707 708 1767 est
740 1704 775 1767 in
807 1704 1000 1788 appetendo,
1032 1727 1096 1791 qua

85 1791 214 1856 laetitia
236 1790 272 1854 in
292 1790 443 1876 fruendo,
467 1796 512 1874 et,
537 1795 574 1855 ut
595 1791 693 1856 nimis
718 1790 838 1855 adflicti
861 1792 1025 1876 molestia,
1048 1793 1096 1857 sie

85 1878 183 1942 nimis
208 1878 287 1942 elati
309 1879 437 1944 laetitia
459 1881 528 1944 iure
550 1879 734 1944 iudicantur
755 1879 855 1964 leves3
880 1883 925 1957 et,
953 1900 1024 1944 oum
1047 1881 1096 1945 in-

52 1967 195 2030 avidere
215 1966 426 2050 aegritudinis
446 1969 502 2051 sit,
520 1967 615 2031 malis
634 1970 742 2032 autem
762 1967 877 2032 alienis
895 1967 1095 2051 voluptatem

87 2076 200 2138 capere
223 2053 381 2138 laetitiae,
404 2059 574 2139 utrumque
592 2054 796 2119 immanitate
816 2057 849 2119 et
866 2055 995 2120 feritate
1019 2078 1095 2139 qua-

86 2142 159 2206 dam
178 2143 388 2224 proponenda
402 2144 554 2228 castigari
570 2143 667 2226 solet,
688 2145 794 2226 atque,
810 2146 848 2206 ut
866 2164 977 2208 carere
997 2144 1096 2228 decet,

85 2230 201 2294 timere
219 2250 285 2294 non
304 2230 408 2315 decet,
431 2232 477 2296 sic
495 2231 635 2317 gaudere
654 2230 759 2312 decet,
780 2231 895 2296 laetari
912 2252 979 2296 non
997 2233 1096 2315 decet,

86 2318 241 2402 quoniam
255 2317 530 2384 docendicausaa
545 2319 662 2403 gaudio
676 2317 838 2382 laetitiam
852 2319 1095 2402 distinguimus3

53 2405 166 2471 aillud
194 2407 261 2469 iam
289 2427 387 2489 supra
414 2407 567 2489 diximus,
599 2406 851 2470 contractionem
884 2406 982 2470 animi
1009 2410 1095 2470 recte
1114 2418 1149 2467 ὅτ

86 2493 155 2557 fieri
182 2515 359 2577 numquam
386 2516 496 2578 posse,
524 2494 698 2558 elationem
725 2514 831 2577 posse.
876 2494 983 2557 Aliter
1010 2495 1096 2558 enim

85 2579 273 2646 Naevianus
295 2581 352 2645 ille
374 2583 495 2665 gaudet
516 2580 651 2646 Hector:

129 2702 272 2768 Lae‘tus
297 2726 377 2768 sum
400 2704 555 2769 laudari
577 2725 634 2769 mc
658 2704 724 2768 abs
747 2705 947 2856 te,dpqiger,
973 2704 1096 2768 alau-

827 2814 846 2856 a
912 2813 1009 2876 mro,

87 2907 182 2971 aliter
204 2906 260 2971 ille
284 2906 368 2990 apud
390 2907 560 2972 Trabeam:

53 3036 75 3080 u
129 3019 234 3085 Le'ira
275 3019 445 3085 delenita
492 3025 651 3106 argento
691 3023 825 3085 mitum
871 3019 1098 3087 observabit

874 3132 1008 3191 meum,

130 3193 227 3272 Quid
252 3197 381 3281 velim,
409 3197 499 3281 quid
522 3198 708 3280 studeam,
737 3195 943 3261 adveniens
972 3195 1096 3280 digito

621 3284 817 3368 impellam
841 3285 1007 3367 ianuam,

128 3371 247 3436 Fores
279 3372 483 3456 patebunt,
520 3373 563 3438 de
599 3373 798 3457 inproviso
834 3370 995 3454 Chry‘sis
1032 3371 1096 3436 ubi

720 3482 776 3524 me
800 3459 1007 3543 aspexerit,

135 3547 285 3613 ¹o1o.1u.1.
906 3568 944 3613 ‘ru
