2356 3870
104 155 167 218 192
264 157 312 210 DE
331 151 475 210 FINIBUS
494 154 673 210 BONORUM
691 154 739 209 ET
758 156 942 212 MALORUM

103 318 187 400 quod
207 321 315 382 autem
337 317 492 381 honestas
512 317 656 380 actiones
675 317 768 381 affert
786 321 819 381 et
837 319 948 403 efficit,
968 320 1025 385 effi

102 406 166 470 diei
190 409 306 487 potest

50 460 91 585 dd
168 492 271 575 Haec,
299 514 381 577 quae
408 491 595 575 praeposita
622 491 772 574 dicimus,
799 494 920 576 partim
952 500 1026 560 sunt

85 600 137 645 se
151 582 224 664 ipsa
237 543 433 664 piaeposita,
451 579 570 662 partim
584 579 669 662 quod
684 580 805 662 aliquid
820 581 965 646 efficiunt
965 605 1026 665 ,pa

102 673 286 752 u,trumque
314 689 371 751 per
398 688 446 750 se,
473 669 511 729 ut
535 667 666 750 quidam
694 666 824 731 habitus
848 669 913 733 oris
937 634 973 734 et
994 693 1026 734 ιιι

102 761 139 821 ut
162 760 279 835 s,tatus
307 760 344 820 ut
366 759 488 835 motus,
515 754 549 817 in
576 755 692 838 quibus
721 758 858 819 suntt
825 760 858 819 et
883 779 1026 841 praepon

102 843 259 928 quaedam
293 847 326 907 et
352 804 526 930 reicienda3
560 841 626 905 alia
656 842 697 906 ob
726 863 797 906 eam
824 865 893 906 rem
923 867 1027 930 praep

102 932 260 1012 dicentur,
284 930 369 1014 quod
387 952 425 994 ex
444 951 478 993 se
499 929 618 1013 aliquid
638 930 795 1013 efficiant,
818 934 855 994 ιιι
872 934 1023 1016 pecunia,

104 1024 213 1085 autem
240 1019 282 1082 ob
305 1022 473 1100 utramque
496 1038 577 1098 rem,
605 1019 642 1079 ut
668 1018 788 1100 integri
812 1040 938 1103 sensus,
968 1025 1005 1085 ut

50 1115 83 1162 5⁷
103 1106 261 1171 valetudo
297 1105 346 1168 De
364 1105 451 1169 bona
473 1067 582 1169 auteni
600 1103 689 1169 fama
706 1103 819 1188 (quam
838 1108 924 1170 enim
944 1130 1026 1192 appe

103 1191 271 1275 εὐδοξίαν,
295 1193 402 1275 aptius
426 1196 477 1257 est
499 1192 636 1257 bonam
661 1191 799 1256 famam
822 1193 883 1258 hoc
906 1195 979 1260 loco
1003 1218 1026 1259 a

102 1283 171 1345 lare
197 1303 293 1364 quam
320 1278 474 1365 gloriam)
504 1277 754 1363 Chrysippusq
754 1281 861 1344 uidem
890 1286 923 1346 et
947 1270 1026 1367 Diop

103 1371 247 1434 detracta
270 1368 411 1432 utilitate
434 1389 474 1432 ne
503 1367 641 1451 digitum
671 1367 797 1451 quidem
823 1370 893 1432 eius
916 1392 1015 1435 causa

102 1457 273 1542 rigandum
301 1477 370 1519 esse
398 1454 560 1539 dicebant3
588 1456 704 1539 quibus
732 1475 792 1539 ego
822 1457 1026 1523 vehementer

104 1546 235 1610 sentior.
271 1542 340 1627 Qui,
358 1547 467 1607 autem
489 1548 565 1626 post
583 1564 638 1608 eos
657 1542 799 1625 fuerunt,
823 1566 896 1608 oum
910 1543 1026 1610 Carnes

104 1635 262 1698 sustinere
280 1652 346 1696 non
364 1634 510 1714 possent,
525 1630 618 1714 hanc,
638 1652 734 1714 quam
753 1631 832 1713 dixi,
850 1632 971 1697 bonam
988 1635 1026 1697 fa:

102 1723 208 1805 ipsam
244 1723 376 1803 propter
413 1740 447 1782 se
485 1719 705 1801 praepositam
742 1723 774 1781 et
811 1722 999 1785 sumendam

103 1810 265 1889 dixerunt,
292 1828 423 1889 esseque
451 1805 592 1870 hominis
620 1807 752 1890 ingenui
775 1811 809 1870 et
835 1808 1013 1873 liberaliter

104 1898 168 1960 eati
190 1897 273 1960 velle
296 1895 377 1958 bene
401 1892 511 1958 audire
535 1915 554 1957 a
583 1894 784 1977 parentibus,
813 1916 832 1957 a
859 1896 1026 1981 propinqui

103 1985 197 2049 bonis
234 1983 332 2047 etiam
367 1981 459 2063 viris,
494 1981 589 2065 idque
625 1985 758 2064 propter
789 2003 856 2045 rem
889 1984 1008 2066 ipsam,

103 2075 234 2154 propter
260 2091 368 2150 usum,
396 2068 581 2152 dicuntque,
612 2073 649 2132 ut
681 2069 792 2133 liberis
825 2071 1007 2135 consultum

104 2180 189 2239 mus,
216 2158 344 2221 etiamsi
371 2157 514 2239 postumi
541 2156 642 2219 futuri
670 2157 748 2238 sint,
775 2160 908 2240 propter
930 2159 1026 2242 ipsos,

102 2246 231 2310 futurae
254 2247 330 2328 post
352 2249 489 2308 mortem
518 2243 624 2307 famae
651 2248 761 2308 tamen
785 2266 854 2308 esse
877 2252 1011 2329 propter

51 2341 84 2388 58
104 2333 202 2398 etiam
233 2332 376 2400 detracto
409 2354 482 2414 usu,
514 2332 752 2396 consulendum.
807 2330 868 2396 Sed
901 2355 990 2417 eum,
1025 2370 1026 2388 ι

103 2422 275 2485 honestum
298 2421 354 2503 sit,
377 2420 409 2484 id
432 2419 680 2484 solumbonum
703 2441 773 2483 esse
796 2419 954 2503 dicamus,
977 2444 1026 2486 cor

103 2515 234 2574 tansum
261 2513 371 2572 tamen
394 2512 444 2571 est
469 2507 563 2590 fungi
586 2507 705 2583 officio,
735 2529 807 2571 oum
829 2507 862 2570 id
886 2509 1026 2574 officium

102 2597 252 2662 inbonis
275 2617 433 2679 ponamus
456 2616 515 2659 nee
538 2596 571 2658 in
594 2595 699 2661 malis.
734 2594 796 2658 Est
820 2595 906 2658 enim
930 2598 1026 2681 aliqui

102 2685 155 2749 his
173 2684 269 2748 rebus
290 2683 472 2766 probabile,
496 2686 528 2745 et
547 2682 677 2765 quidem
695 2683 756 2765 ita,
774 2686 811 2746 ιιι
829 2683 897 2747 eius
916 2686 1001 2749 ratio
1019 2707 1026 2747 1

103 2773 219 2855 possit,
252 2792 329 2854 ergo
363 2775 401 2834 ut
431 2771 529 2833 etiam
560 2769 773 2853 probabiliter
805 2771 869 2834 aeti
899 2772 986 2836 ratio
1018 2794 1026 2835 ι

103 2858 216 2942 possit.
265 2857 328 2922 Est
354 2862 463 2922 autem
491 2856 683 2941 officium,
716 2857 801 2939 quod
828 2858 876 2922 ita
902 2860 1024 2924 factum

102 2949 140 3010 ιιι
166 2947 235 3010 eius
262 2946 340 3009 facti
368 2945 547 3029 probabilis
574 2946 659 3009 ratio
688 2945 778 3009 reddi
803 2946 916 3028 possit.
895 2947 1018 3012 tEx

102 3033 303 3118 intellegitur
344 3033 486 3097 officium
526 3033 667 3096 medium
708 3033 859 3115 quiddam
902 3057 985 3116 esse,

101 3143 206 3204 nequa
224 3121 259 3184 in
277 3120 372 3185 bonis
390 3124 530 3204 ponatur
547 3143 650 3205 neque
667 3121 704 3184 in
721 3125 796 3185 cont
797 3122 901 3186 rariis.
938 3087 1026 3199 Qdon

102 3231 163 3310 que
186 3209 220 3273 in
242 3209 282 3272 iis
304 3208 415 3290 rebus,
439 3229 521 3291 quae
538 3230 641 3292 neque
663 3209 698 3272 in
718 3209 892 3273 virtutibus
912 3215 1026 3276 suntn

102 3297 137 3360 in
158 3297 261 3376 vitiis,
290 3298 339 3359 est
365 3259 474 3359 barisan
498 3296 661 3379 quiddam,
688 3297 773 3380 quod
800 3297 874 3361 usui
902 3301 1009 3382 possit

101 3347 279 3449 tollenduin
306 3383 340 3447 id
366 3405 432 3448 ιιοιι
459 3389 516 3447 est.
494 3384 623 3448 tEst
646 3388 754 3449 autem
777 3385 844 3448 eius
872 3388 1026 3470 generis

101 3493 226 3555 quoquo
255 3471 424 3557 quaedam,
451 3476 485 3536 et
511 3472 636 3556 quidem
665 3472 755 3554 talis,
785 3478 821 3536 ut
848 3474 932 3536 ratio
965 3496 1026 3558 pos
