2356 3870
269 149 337 205 ΜΒ.
356 149 402 203 111.
431 147 507 203 car.
527 155 557 216 a,
576 154 600 203 e.
628 155 644 214 ς
664 153 784 205 rs-aa.
968 148 1029 212 179

49 311 198 375 reundum
226 313 376 375 naturam
404 310 482 393 sint,
509 309 673 394 pellatque
696 311 868 395 eontraria3
898 333 961 394 qua
982 312 1029 376 iu-

48 403 121 463 venta
141 399 317 463 selectione
344 402 378 462 et
404 398 483 462 item
510 398 685 462 reiectione
708 399 851 481 sequitur
880 398 1029 482 deinceps

46 505 99 551 cum
129 486 238 551 officio
275 486 423 568 selectio,
459 485 572 549 deinde
611 507 649 549 ea
685 489 852 569 perpetua,
883 491 954 550 tum
990 488 1030 550 ad

45 578 201 639 extremum
235 577 386 638 constans
414 578 692 657 consentaneaque
722 577 869 656 naturae,
901 575 936 638 in
967 596 1030 658 qua

43 662 164 742 primum
195 661 304 726 inesse
338 660 454 744 incipit
485 666 518 726 et
549 660 710 745 intellegi,
746 660 822 744 quid
854 662 909 744 sit,
945 662 1030 746 quod

43 769 98 813 rere
123 750 245 815 bonnm
274 749 379 833 possit
406 749 478 814 diei.
527 749 638 812 Prima
664 753 715 813 est
737 750 823 813 enim
847 750 1029 814 conciliatio
1048 764 1080 810 21

41 833 163 902 huminis
181 836 230 900 ad
252 858 304 919 ea,
326 858 409 921 quae
431 839 509 901 sunt
531 836 704 901 secundum
721 842 882 902 naturam.
927 837 1030 902 Simul

42 929 130 988 autem
153 924 241 1007 cepit
263 924 516 1008 intellegentiam
535 925 586 988 vel
603 925 770 990 notionem
789 926 910 1008 potius,
933 947 1030 1009 quarn

42 1013 191 1095 appellant
228 1013 366 1077 ἔννοιαν
400 1012 467 1095 illi,
502 1011 648 1096 viditque
684 1033 790 1077 rerum
832 1013 1029 1097 agendarum

42 1099 170 1164 ordinem
203 1103 250 1182 et,
280 1103 319 1164 ut
346 1099 395 1165 ita
426 1099 544 1181 dicam,
576 1101 793 1183 concordiam,
825 1101 927 1166 multo
958 1123 1030 1166 eam

41 1185 126 1267 pluris
154 1187 340 1252 aestimavit
371 1208 467 1271 quam
502 1187 611 1251 omnia
641 1187 710 1269 illa,
742 1210 823 1272 quae
849 1190 955 1272 prima
984 1189 1030 1254 di-

41 1273 158 1358 lexerat,
187 1278 285 1358 atque
311 1276 359 1339 ita
387 1275 573 1358 cognitione
600 1278 633 1339 et
661 1276 787 1341 ratione
818 1277 963 1362 collegit,
993 1281 1030 1341 ut

42 1366 181 1428 statueret
202 1363 237 1426 in
256 1384 294 1428 eo
313 1362 506 1427 collocatum
526 1384 686 1428 summum
708 1364 787 1429 illud
810 1364 949 1429 hominis
972 1387 1030 1448 per

42 1469 65 1512 se
82 1450 278 1515 laudandum
302 1454 334 1513 et
356 1451 570 1533 expetendum
587 1451 722 1534 bonum,
745 1451 920 1535 quodcum
943 1453 1030 1536 posi-

41 1538 96 1602 tum
116 1538 161 1603 ait
183 1538 218 1602 in
236 1560 289 1620 eo,
312 1537 397 1622 quod
416 1532 598 1621 ὁμολογίαν
616 1536 731 1621 Stoici,
752 1561 811 1603 nos
831 1540 1029 1622 appellemus

42 1625 348 1710 convenientiam,
375 1626 404 1689 si
426 1626 544 1709 placet,
573 1663 615 1674 -
643 1648 716 1690 cum
737 1627 840 1710 igitur
862 1628 896 1690 in
919 1649 957 1692 eo
987 1629 1030 1691 sit

40 1711 64 1775 id
85 1713 218 1796 bonum,
244 1735 308 1798 quo
337 1713 445 1777 omnia
472 1713 639 1777 referenda
665 1719 753 1797 sunt,
780 1714 916 1778 honeste
943 1714 1030 1779 facta

41 1798 194 1885 ipsumque
225 1801 411 1883 honestum,
442 1801 527 1885 quod
560 1802 663 1866 solum
694 1803 730 1867 in
765 1801 858 1866 bonis
895 1801 1030 1882 ducitur,

42 1906 220 1972 quamquam
248 1885 325 1972 post
355 1890 471 1972 oritur,
502 1893 613 1954 tamen
643 1888 675 1952 id
708 1891 812 1954 solum
844 1890 877 1954 vi
909 1912 967 1954 sua
997 1895 1031 1954 et

42 1973 182 2058 dignitate
210 1975 423 2060 expetendum
455 1981 517 2060 eat;
547 1998 657 2041 eorum
690 1982 810 2060 autem,
842 2000 923 2062 quae
956 1983 1031 2042 sunt

42 2063 129 2141 prima
150 2068 301 2142 naturae,
323 2068 455 2148 propter
474 2086 508 2129 se
525 2064 608 2128 nihil
627 2068 678 2129 eat
694 2065 911 2148 expetendum.
948 2064 1030 2131 Cum
1049 2088 1081 2134 aa

43 2168 101 2217 vero
131 2151 202 2235 illa,
235 2173 316 2236 quae
349 2151 457 2218 officia
489 2174 559 2217 esse
591 2152 672 2236 dixi,
707 2153 952 2236 proficiscantur
989 2155 1028 2220 ab

44 2233 127 2304 initiis
158 2244 309 2321 naturae,
340 2260 470 2304 necesse
502 2243 552 2304 est
583 2261 621 2304 ca
654 2240 693 2304 ad
725 2240 804 2306 haee
835 2242 962 2325 referri,
993 2249 1030 2306 ut

44 2329 110 2390 reete
132 2327 196 2392 dici
217 2329 324 2410 possit
346 2327 455 2392 omnia
479 2327 586 2391 officia
608 2348 646 2392 eo
669 2327 794 2412 referri,
817 2332 854 2392 ut
876 2329 1030 2413 adipisca-

44 2428 99 2477 mur
117 2415 277 2498 principia
298 2419 448 2497 naturae,
469 2437 528 2480 neo
545 2418 655 2480 tamen
673 2418 710 2480 ut
727 2415 789 2480 hoc
807 2416 850 2480 sit
872 2416 1029 2482 bonorum

45 2497 187 2586 ultimum,
210 2506 383 2586 propterea
406 2502 490 2586 quod
512 2524 578 2568 non
600 2503 685 2568 ineat
707 2503 873 2587 inprimis
896 2507 1029 2568 naturae

45 2590 306 2655 conciliationibus
335 2588 473 2656 honesta
500 2591 600 2672 acti03
632 2612 829 2676 consequens
861 2592 947 2655 enim
979 2597 1029 2656 est

45 2674 68 2736 a
83 2682 154 2760 post
176 2679 293 2761 oritur,
322 2682 359 2742 nt
383 2678 457 2743 dixi.
502 2676 564 2742 Est
586 2683 695 2743 tamen
717 2700 755 2743 ea
778 2679 951 2745 seeundum
973 2702 1029 2744 na-

43 2759 129 2831 ltram
157 2766 324 2848 multoque
350 2787 410 2830 noa
438 2766 478 2830 ad
512 2788 546 2830 ae
579 2767 788 2849 expetendam
819 2767 924 2851 magis
955 2767 1028 2833 hor-

42 2846 113 2917 tatur
144 2875 242 2938 quam
273 2854 440 2936 superiora
473 2854 589 2919 omnia
616 2851 701 2918 -Sed
733 2875 772 2918 ex
799 2855 860 2919 hoc
889 2856 1028 2939 primum

42 2952 111 3005 error
139 2940 302 3006 tollendus
330 2947 394 3024 est,
421 2962 463 3005 ne
490 2942 562 3024 quis
591 2942 681 3024 sequi
704 2942 878 3027 existimet,
907 2946 944 3008 ut
965 2944 1027 3009 duo

40 3022 91 3092 sine
106 3029 225 3093 ultima
245 3029 412 3094 bonorum.
453 3027 499 3093 Ut
522 3029 622 3111 enim,
645 3030 674 3093 si
692 3029 743 3094 cui
761 3031 963 3114 propositum
986 3035 1029 3096 sit

40 3116 198 3183 conliniare
220 3115 348 3180 hastam
372 3117 479 3200 aliquo
503 3119 560 3180 aut
578 3116 745 3201 sagittam,
769 3118 852 3183 sieut
872 3141 932 3184 nos
954 3121 1029 3184 ulti-

40 3216 109 3269 mum
139 3205 175 3268 in
205 3204 299 3268 bonis
330 3204 477 3287 dicimus,
507 3205 553 3268 sie
582 3204 632 3268 illi
660 3204 765 3270 faeere
796 3207 916 3287 omnia,
947 3228 1028 3290 quae

40 3293 140 3377 uenit,
170 3296 207 3355 ut
236 3291 404 3356 conliniet:
435 3291 509 3358 huie
527 3292 573 3356 ·in
602 3293 670 3356 eius
700 3293 788 3359 modi
818 3295 1027 3360 similitudine

40 3380 133 3446 >mnia
150 3379 218 3445 sint
233 3379 393 3462 facienda,
415 3383 453 3443 ut
475 3380 641 3462 conliniet,
664 3385 838 3465 ettamen,
860 3385 898 3445 ut
920 3383 1029 3446 omnia

40 3463 135 3554 teiat,
172 3489 235 3552 quo
278 3467 495 3551 propositum
517 3471 725 3552 assequatur,
757 3470 801 3533 sit
835 3468 897 3534 hoe
936 3470 1028 3553 quasi

764 3569 817 3624 12*
