2346 3876
233 169 301 223 ΜΒ.
320 170 341 223 1.
369 143 446 225 CAP.
467 175 588 225 11-11.
616 175 771 236 ear-ro.
940 172 1006 239 293
1048 253 1058 280 ι

34 329 130 412 bura,
153 330 228 396 inde
247 353 297 415 ea,
321 352 403 415 quae
421 353 511 395 meus
536 332 655 397 amicus
675 332 801 417 Appius
824 357 1006 419 νεκυομαν-

34 430 65 484 101
89 419 244 503 faciebat,
267 419 341 482 inde
364 419 398 482 in
420 420 538 485 vicinia
559 425 674 486 nostra
695 421 815 486 Averni
837 422 940 508 lacus,

58 525 171 607 Unde
217 542 364 606 animae
410 544 631 608 excitantur
672 544 832 609 obseura
872 548 1006 612 umbra

576 637 731 715 opertae
755 634 916 699 crestio

61 701 179 782 1111110
202 717 452 803 Acheruntis,
476 720 579 784 salso
603 722 803 805 sanguine,

34 859 156 944 regines
179 862 388 924 mortuorum.
430 858 500 924 Has
524 864 634 926 tamen
656 862 815 948 imagines
838 864 928 947 loqui
950 887 1006 930 vo-

34 952 81 1031 nt,
110 948 195 1031 quod
222 947 292 1012 fieri
318 969 377 1012 nec
400 948 468 1013 sine
495 949 607 1034 lingua
634 971 694 1014 nec
720 951 789 1015 sine
815 951 924 1034 palato
946 975 1006 1017 nec

33 1058 66 1100 ie
89 1035 244 1119 faucium,
267 1036 419 1118 laterum,
442 1037 631 1120 pulmonum
654 1040 686 1102 vi
709 1043 741 1103 et
762 1040 868 1124 figura
889 1044 1006 1125 potest.

34 1124 89 1188 hil
118 1125 203 1188 enim
232 1124 339 1189 animo
366 1124 474 1190 videre
500 1129 666 1208 poterant,
694 1128 734 1191 ad
763 1128 875 1195 oculos
898 1130 1006 1194 omnia

34 1211 188 1277 terebant.
226 1211 339 1297 Magni
358 1217 466 1279 autem
486 1218 536 1278 est
554 1214 676 1298 ingenii
695 1237 845 1281 sevocare
864 1221 1005 1281 mentem
1024 1231 1058 1279 38

36 1300 190 1366 sensibus
214 1304 247 1364 et
269 1301 499 1385 cogitationem
523 1301 564 1366 ab
586 1304 817 1368 consuetudine
841 1306 1006 1370 abducere.

34 1411 112 1472 aque
144 1388 237 1453 credo
270 1389 417 1472 equidem
444 1389 543 1454 etiam
570 1391 651 1454 alios
683 1395 734 1455 tot
761 1394 909 1477 saeculis,
941 1394 1006 1477 sed,
1049 1456 1053 1460 ,

34 1477 82 1542 ‚od
110 1476 227 1541 litteris
250 1480 367 1561 exstet,
394 1476 592 1562 Pherecydes
617 1476 730 1561 Syrius
757 1480 899 1562 primum
924 1481 1007 1546 dixit

34 1566 126 1630 imos
158 1586 227 1629 esse
262 1565 430 1630 hominum
461 1566 691 1649 sempiternos,
728 1568 878 1651 antiquus
916 1591 1006 1650 sane3

34 1655 59 1719 it
91 1653 177 1717 enim
210 1674 281 1717 meo
318 1657 474 1737 regnante
510 1654 633 1738 gentili.
691 1652 786 1719 Hanc
822 1656 1005 1739 opinionem

34 1742 174 1827 scipulus
202 1741 270 1806 eius
296 1741 502 1826 Pythagoras
531 1742 671 1806 maxime
703 1741 919 1827 confirmavit·2
950 1745 1005 1827 qui

34 1853 71 1894 m
104 1827 248 1913 Superbo
284 1833 440 1913 regnante
475 1831 510 1894 in
545 1829 675 1894 Italiam
712 1831 865 1913 venisset,
902 1833 1007 1895 tenuit

34 1939 152 2004 agnam
191 1917 282 1982 illam
319 1917 486 1984 Graeciam
525 1939 598 1982 cum
635 1915 783 2000 [honore]
825 1918 1005 2002 disciplina,

34 2029 67 2072 111
100 2006 197 2071 etiam
228 2007 433 2090 auctoritate,
465 2007 629 2091 multaque
659 2006 787 2071 saecula
816 2011 931 2090 postea
960 2007 1006 2071 sic

34 2095 105 2181 guit
121 2093 400 2179 Pythagoreorum
418 2116 549 2174 nomen,
572 2098 609 2159 ut
627 2095 710 2160 nulli
731 2095 788 2160 alii
811 2095 896 2159 docti
919 2094 1004 2159 vide-

34 2186 121 2248 ntur.
744 2231 746 2236 ,

64 2270 128 2335 Sed
154 2271 248 2335 redeo
276 2271 317 2335 ad
345 2271 505 2354 antiquos.
553 2270 725 2335 Rationem
752 2271 803 2336 1111
826 2271 1004 2335 sententiae
1017 2272 1057 2335 17

34 2381 77 2424 ,ae
101 2380 167 2423 non
194 2358 260 2422 fere
283 2358 472 2441 reddebant,
499 2359 564 2422 nisi
591 2358 667 2442 quid
690 2363 760 2422 erat
782 2359 925 2422 nmneris
949 2362 1007 2423 aut

34 2447 270 2530 scriptionibus
307 2447 539 2531 explicandum.
598 2444 769 2509 Platonem
808 2445 930 2523 ferunt,
969 2449 1006 2510 ut
1024 2464 1058 2513 39

34 2535 222 2619 ythagoreos
255 2537 477 2619 cognosceret,
509 2535 544 2598 in
574 2532 705 2596 Italiam
736 2533 861 2596 venisse
894 2537 926 2596 et
959 2533 1006 2596 di-

34 2624 115 2688 cisse
144 2622 352 2707 Pythagorea
384 2623 494 2687 omnia
523 2621 724 2706 primumque
755 2621 794 2685 de
826 2620 1007 2685 animorum

34 2711 191 2776 eternitate
204 2731 270 2774 non
284 2711 389 2776 solum
407 2710 544 2774 sensisse
563 2709 658 2787 idem,
678 2708 762 2792 quod
776 2707 1007 2793 Pythagoram,

35 2800 57 2864 d
79 2798 240 2863 rationem
263 2799 361 2864 etiam
385 2798 542 2863 attulisse.
587 2795 704 2880 Quam,
730 2796 795 2861 nisi
819 2795 896 2880 quid
918 2796 1008 2880 dicis,

34 2887 296 2952 'aetermittamus
329 2890 361 2950 et
391 2886 476 2952 hanc
507 2889 612 2950 totam
644 2906 735 2968 spem
764 2885 1007 2965 inmortalitatis

34 2976 228 3059 linquamus.

66 3065 108 3128 A.
140 3063 194 3129 An
223 3065 260 3127 tu
292 3084 365 3126 cum
396 3084 447 3126 me
478 3062 514 3127 in
545 3082 704 3126 summam
734 3060 1008 3144 exspectationem

34 3152 188 3235 lduxeris,
225 3150 370 3215 deseris?
432 3149 551 3237 Errare
591 3149 773 3214 mehercule
813 3148 899 3212 malo
936 3169 1008 3212 cum

34 3243 151 3322 atone,
173 3261 268 3323 quem
290 3243 328 3303 tu
350 3238 463 3322 quanti
483 3237 585 3309 facias
610 3236 691 3320 scio,
716 3240 748 3301 01
771 3257 866 3319 quem
889 3256 927 3298 ex
950 3238 1007 3298 tuo

34 3351 53 3393 e
77 3328 232 3410 admiror,
257 3349 354 3412 quam
378 3348 451 3391 eum
473 3326 545 3390 istis
568 3347 645 3389 vera
667 3323 795 3388 sentire.

65 3415 115 3482 M.
137 3414 245 3503 Macte
267 3415 398 3479 virtute!
426 3434 487 3500 ego
511 3413 598 3477 enim
619 3413 690 3495 ipse
712 3432 785 3474 cum
808 3410 919 3473 eodem
941 3407 1005 3473 isto
1024 3426 1044 3474 41

34 3526 65 3570 »n
94 3504 216 3568 invitus
243 3502 424 3568 erraverim.
474 3499 562 3566 Num
594 3500 694 3584 igitur
725 3495 932 3562 dubitamus?
965 3517 1011 3560 an
