2346 3876
16 216 26 239 l
122 139 163 202 16
336 136 627 192 ACADEMICORUM
644 135 904 193 POSTERIORUM

118 321 231 384 prave,
253 299 286 363 id
306 302 356 363 est
374 302 518 383 peccata,
540 300 575 363 in
598 299 707 381 malis,
731 297 837 364 officia
856 301 964 363 autem
984 300 1044 380 [et]
1064 321 1123 363 ser-

65 409 100 458 38
119 391 195 452 vata
221 387 514 471 praetermissaque
541 386 646 450 media
672 387 823 470 putabat,
851 390 888 451 ut
914 386 988 452 dixi.
1035 385 1124 452 Oum-

123 497 183 561 que
207 476 387 558 superiores
414 496 480 539 non
507 497 635 539 omnem
661 476 815 538 uirtutem
842 475 878 538 in
902 475 1030 539 ratione
1058 497 1124 540 esse

120 565 275 646 dicerent,
297 563 354 628 sed
377 563 532 647 quasdam
554 564 689 626 virtutes
716 566 833 626 natura
861 565 918 627 ant
940 584 1031 628 more
1058 585 1124 647 per·

119 653 236 735 sectas,
267 651 320 717 hic
353 673 464 716 omnes
499 652 534 715 in
567 651 693 716 ratione
724 650 881 734 ponebat3
913 671 1049 734 cumque
1080 649 1145 716 illis

120 761 159 804 ea
190 759 309 823 genera
335 740 504 823 virtutum,
533 761 613 823 quae
641 761 738 822 supra
765 738 845 816 dixi,
873 738 1002 823 seiungi
1018 781 1020 786 -
1034 761 1125 822 posse

120 825 366 908 arbitrarentur,
383 827 437 892 hic
454 849 514 892 nec
537 827 569 891 id
587 827 654 891 ullo
673 828 768 891 modo
792 826 862 890 fieri
879 848 976 910 posse
995 826 1125 892 dissere·

120 916 188 996 bat,
210 937 268 979 nec
288 916 419 979 virtutis
438 936 531 979 usum
549 914 658 998 modo,
680 918 717 978 ut
735 915 924 997 superiores,
947 914 1004 979 sed
1022 916 1125 998 ipsum

120 1003 268 1067 habitum
291 1024 349 1086 per
372 1023 406 1067 se
430 1025 502 1067 esse
523 1003 736 1086 praeclarum,
760 1023 820 1067 nec
842 1006 952 1066 tamen
973 1003 1125 1068 virtutem

121 1090 270 1173 cuiquam
302 1091 427 1174 adesse,
462 1091 541 1174 quin
572 1113 610 1157 ea
642 1112 767 1173 semper
798 1094 957 1174 uteretur3
993 1112 1155 1176 cumquea

121 1178 397 1262 perturbationem
433 1179 533 1243 animi
563 1179 613 1243 illi
646 1201 684 1243 ex
716 1178 845 1243 homine
877 1199 944 1243 non
974 1179 1126 1243 tollerent

121 1271 299 1350 naturaque
327 1270 360 1330 et
387 1267 609 1331 condolescere
638 1270 671 1330 et
694 1267 918 1349 concupiscere
941 1270 974 1330 et
996 1268 1125 1333 extime-

123 1376 209 1419 scere
233 1358 266 1417 et
288 1354 393 1418 efferri
420 1354 547 1419 laetitia
569 1354 725 1432 dicerent,
753 1355 808 1419 sed
835 1376 873 1418 ea
902 1355 1127 1419 contraherent

122 1442 157 1506 in
189 1445 424 1526 angustumque
452 1443 656 1524 deducerent,
687 1441 741 1507 hic
773 1442 922 1506 omnibus
953 1442 1007 1507 his
1039 1443 1127 1527 qussi

68 1553 103 1601 39
122 1530 245 1595 morbis
278 1530 383 1595 voluit
418 1552 526 1595 carere
563 1531 756 1614 sapientem3
792 1551 926 1614 cumque
963 1552 1018 1595 eas
1059 1549 1157 1616 per-n

121 1618 324 1683 turbationes
347 1619 474 1703 antiqui
494 1618 658 1683 naturales
682 1640 751 1682 esse
773 1617 916 1682 dicerent
941 1619 1126 1685 strationis

123 1711 269 1790 expertes
292 1707 419 1790 aliaque
445 1707 480 1770 in
507 1710 601 1789 parte
628 1706 729 1770 animi
756 1706 979 1789 cupiditatem,
1005 1708 1043 1772 ia
1066 1707 1127 1772 alia

122 1795 282 1859 rationem
313 1794 522 1876 collocarent,
557 1815 599 1858 ne
630 1794 682 1858 his
720 1793 848 1878 quidem
879 1794 1127 1860 adsentiebatur.

122 1882 209 1947 Nam
236 1888 269 1945 et
295 1882 553 1964 perturbationes
581 1882 781 1947 voluntarias
804 1903 874 1946 esse
902 1883 1042 1965 putabat
1064 1883 1128 1966 opi·

122 1969 291 2053 nionisque
317 1968 435 2033 iudicio
465 1969 583 2052 suscipi
618 1973 651 2033 et
678 1970 822 2034 omnium
849 1970 1158 2053 perturbationumu

123 2061 262 2122 matrem
285 2078 355 2120 esse
379 2057 599 2121 arbitrabatur
621 2058 868 2122 immoderatam
896 2057 1059 2142 quandam
1085 2059 1128 2124 in·

122 2145 380 2227 temperantiam.
424 2143 514 2209 Haec
536 2145 603 2208 fere
626 2145 665 2209 dc
687 2145 840 2209 moribus.
979 2227 981 2232 Ι

72 2239 112 2302 11
189 2232 238 2297 De
260 2232 386 2297 naturis
411 2236 519 2296 autem
542 2233 588 2297 sic
612 2233 788 2315 sentiebat,
817 2233 957 2316 primum
979 2239 1016 2299 ut
1040 2239 1129 2319 quat·

123 2325 197 2385 tuor
228 2320 330 2384 initiis
361 2342 468 2385 rerum
503 2320 570 2384 illis
604 2321 750 2404 quintam
780 2319 864 2385 hanc
894 2324 1062 2407 naturam,
1092 2344 1128 2387 ex

125 2430 188 2493 qua
210 2409 391 2491 superiores
415 2429 525 2472 sensus
552 2412 584 2472 et
607 2413 748 2474 mentem
771 2407 856 2472 effici
878 2409 1044 2494 rebantur,
1065 2427 1160 2475 nona

125 2497 300 2561 adhiberet.
340 2494 511 2561 Statuebat
530 2496 615 2560 enim
632 2497 742 2581 ignem
760 2518 829 2560 esse
847 2497 952 2580 ipsam
970 2501 1129 2581 naturam,

125 2607 206 2669 quae
225 2585 363 2669 quidque
377 2585 527 2669 gigneret
540 2587 574 2647 et
587 2588 776 2649 mentemt
743 2607 763 2648 a
777 2605 837 2667 que
852 2606 973 2649 sensus.
1002 2585 1130 2651 Discre-

124 2674 225 2756 pabat
247 2673 347 2736 etiam
371 2673 412 2736 ab
435 2671 562 2754 iisdem,
586 2673 671 2755 quod
688 2672 779 2758 nullo
797 2672 892 2736 modo
911 2673 1130 2739 arbitrabatur

125 2760 307 2860 quidquam
327 2758 412 2823 effici
437 2780 532 2842 posse
560 2759 601 2823 ab
630 2782 680 2842 ea,
708 2781 788 2843 quae
812 2781 923 2843 expers
937 2766 1040 2826 esset
1063 2783 1129 2827 cor·

124 2848 227 2930 poris,
260 2847 348 2911 cuius
379 2846 506 2929 generis
535 2846 734 2912 Xenocrates
763 2851 796 2911 et
823 2847 1004 2930 superiores
1033 2849 1163 2914 etiamn

126 2935 268 2998 animum
296 2955 365 2998 esse
392 2934 553 3018 dixerant,
580 2956 639 2999 nec
665 2957 742 3000 vero
774 2938 843 3017 aut,
875 2935 960 3020 quod
989 2936 1131 3002 efficeret

126 3021 262 3107 aliquid,
285 3025 354 3104 aut,
377 3021 462 3106 quod
486 3022 679 3106 efficeretur,
700 3044 796 3106 posse
819 3044 978 3087 essenon
1005 3046 1131 3108 corpus.

72 3131 106 3181 4ο
126 3110 270 3174 Plurima
297 3110 394 3174 etiam
421 3111 456 3192 in
482 3110 542 3175 illa
569 3111 667 3174 tertia
693 3109 921 3193 philosophiae
947 3115 1041 3194 parte
1064 3135 1130 3177 mu·

125 3199 218 3263 tavit.
270 3198 310 3262 In
346 3219 409 3281 qua
440 3198 581 3281 primum
612 3197 651 3262 de
683 3197 829 3261 sensibus
861 3197 940 3280 ipsis
977 3199 1132 3284 quaedam

125 3285 207 3350 dixit
228 3306 321 3368 nova,
343 3307 423 3369 quos
446 3287 571 3350 iunctos
595 3306 665 3350 esse
688 3286 813 3350 censuit
836 3307 853 3348 e
879 3286 1017 3369 quadam
1040 3285 1166 3372 quasia

125 3373 318 3457 impulsione
346 3373 460 3437 oblata
489 3374 700 3456 extrinsecus,
728 3394 824 3457 quam
851 3373 907 3437 ille
935 3377 1133 3458 φαντασίαν,

125 3483 184 3526 nos
207 3462 332 3526 visum
356 3459 554 3544 appellemus
573 3460 658 3544 licet,
681 3465 714 3525 et
731 3463 898 3526 teneamus
919 3459 982 3531 hoc
1000 3463 1134 3530 verbum
