2346 3876
309 173 375 230 999.
395 175 441 230 111.
470 175 546 230 999
566 181 613 244 99,
631 179 673 229 ao.
702 180 810 240 949-
815 181 859 230 99.
1026 176 1092 242 375

86 335 315 421 Saporem',
337 336 453 424 inquit,
481 335 534 399 99
561 357 763 420 corporum
793 330 1030 419 complexum
1056 342 1093 402 et

83 425 193 490 ludos
217 424 331 508 atqu'e
354 427 490 488 cantus
509 427 547 488 et
563 423 708 489 formas
731 446 808 508 999,
832 425 970 508 quibus
990 425 1092 491 oculi

83 512 247 577 iucunde
278 510 525 576 moveantur?
578 510 666 576 Num
698 513 799 614 fingo,
826 535 903 577 num
930 512 1092 577 mentior?

84 598 188 684 Gupio
220 600 336 665 refelli.
381 598 465 675 Quid
492 599 578 663 enim
605 600 732 683 laboro,
757 600 821 665 nisi
849 604 886 665 ut
910 601 1092 666 veritasin

59 689 174 754 somni
193 689 382 772 quaestione
402 688 540 771 explicet
525 687 601 751 tur?
631 687 677 752 At
694 687 782 754 idem
800 689 847 752 ait
832 691 930 754 tnon
949 710 1091 753 crescere
1109 703 1143 752 47

83 777 285 861 voluptatem
317 775 425 840 dolore
453 775 507 840 (199
492 777 577 839 99999
578 796 611 859 o,
643 797 863 861 summamque
892 777 1093 860 voluptatem

82 885 145 930 9999
171 865 255 928 nihil
282 864 397 929 dolere
442 863 559 928 Paucis
582 864 690 928 verbis
719 865 784 929 tria
810 885 930 964 magna
951 868 1089 948 peccata

83 951 207 1054 Unum,
236 951 320 1036 quod
347 973 454 1016 secum
480 951 552 1034 ipso
578 955 716 1036 pugnat,
744 951 839 1017 modo
870 952 955 1016 enim
977 973 1018 1016 ne
1041 975 1092 1017 su·

85 1041 204 1141 spicari
227 1040 355 1124 quidem
374 1060 408 1103 99
432 1039 602 1124 quicquam
625 1039 758 1124 bonum,
780 1040 846 1105 99999
869 1061 981 1105 sensus
999 1041 1092 1124 quasi

51 1133 125 1194 99999
84 1128 260 1194 9991199999
245 1130 298 1191 tur
324 1127 506 1211 9919999999,
537 1148 623 1191 nunc
653 1133 762 1193 autem
789 1150 948 1193 summam
979 1128 1092 1212 volup-

84 1218 187 1281 tatem
212 1236 281 1279 9999
304 1216 414 1280 (191999
438 1235 554 1279 999999.
590 1215 744 1281 Potestne
762 1218 868 1302 magis
891 1238 1000 1281 secum
1022 1217 1093 1301 ipse

84 1303 252 1388 pugnare?
301 1301 360 1367 Alt
346 1307 449 1367 terum
476 1306 588 1386 peccat
589 1325 657 1387 um,
684 1304 783 1388 quod,
811 1326 883 1368 cum
913 1305 947 1369 in
976 1308 1093 1371 natura

83 1392 148 1457 tria
172 1393 252 1471 sint,
273 1413 373 1456 unum
396 1390 571 1476 gaudere,
571 1391 617 1455 919
603 1394 708 1455 terum
732 1392 852 1475 dolero,
880 1393 1012 1457 tertium
1034 1414 1093 1458 999

85 1479 224 1565 gaudere
254 1500 313 1544 999
345 1479 470 1561 (191999,
500 1479 554 1543 1999
589 1479 732 1562 primum
763 1483 796 1543 99
830 1442 964 1545 tertium
997 1483 1093 1562 putat

52 1568 170 1632 9991999
198 1588 268 1631 9999
295 1588 356 1632 nec
383 1566 448 1631 dist
433 1529 555 1651 tihguit
582 1587 602 1630 9
627 1587 695 1630 non
723 1566 858 1631 dolendo
886 1568 1093 1651 voluptatem.

85 1655 231 1720 Tertium
265 1659 430 1738 peccatum
458 1674 625 1719 commune
657 1675 730 1719 oum
761 1638 966 1739 quibusdam,
998 1655 1093 1738 quod,

85 1765 157 1808 cum
189 1743 293 1807 virtus
325 1743 466 1808 maxime
500 1745 668 1826 expetatur
704 1744 835 1827 eiusque
870 1742 1093 1826 adipiscendae

85 1853 183 1896 causa
204 1831 413 1914 philosophia
436 1831 583 1915 quaesita
601 1831 658 1913 sit,
680 1831 737 1895 ille
756 1853 776 1895 9
793 1831 912 1895 virtute
932 1852 1092 1894 summum

84 1920 206 1984 bonum
229 1920 402 2002 separavit.
438 1917 484 1982 At
506 1918 618 1984 laudat
641 1940 738 2003 saepo
760 1919 922 1984 virtutem.
957 1918 1002 1982 llt
1025 1919 1092 2002 qui·
1111 1939 1145 1990 99

48 2029 72 2072 99
84 2009 158 2072 dem
186 2004 220 2071 Ο.
243 2004 420 2090 Gracchus,
451 2027 524 2071 cum
558 2007 748 2090 largitiones
775 2007 933 2071 maximas
965 2006 1093 2070 fecisset

84 2099 118 2160 99
141 2093 306 2159 effudisset
329 2095 502 2176 aerarium,
524 2095 632 2158 vorbis
655 2100 765 2159 tamen
788 2094 979 2160 defendebat
1005 2115 1093 2158 aera-

82 2184 177 2248 rium
223 2181 307 2257 Quid
330 2182 429 2246 verba
451 2182 595 2266 audiam,
619 2203 691 2246 cum
713 2183 801 2247 facta
822 2182 973 2248 videam?
1017 2180 1093 2247 Piso

81 2271 140 2336 illo
162 2269 261 2354 Frugi
285 2291 410 2353 sempor
432 2273 508 2334 cont
508 2292 545 2335 99
566 2271 673 2354 legem
695 2271 938 2335 frumentariam
961 2269 1095 2334 dixerat.

81 2357 116 2422 Is
148 2358 222 2443 lege
254 2357 322 2423 lata
353 2359 531 2422 consularis
565 2358 605 2422 ad
637 2357 836 2422 frumentum
871 2358 1094 2509 accipiundum

40 2469 69 2512 99
82 2449 226 2512 9999999
204 2443 426 2511 tAnimum
454 2446 594 2510 advortit
621 2442 819 2509 Gracchus
809 2467 844 2510 m
869 2450 945 2511 cont
946 2446 1018 2509 ione
1040 2444 1095 2509 Pi·

83 2555 199 2600 sonem
222 2537 376 2599 stantem·
369 2534 526 2618 ,quaerit
548 2533 696 2599 audiente
664 2533 839 2617 tpopulo
860 2531 1017 2616 Romano,
1040 2533 1095 2616 qui

82 2622 150 2686 sibi
181 2624 320 2700 constet,
357 2644 431 2686 oum
463 2644 501 2686 ea
531 2623 603 2706 lege
634 2621 832 2686 frumentum
863 2623 966 2704 petat,
999 2641 1095 2704 quam

83 2710 284 2774 dissuaserit.
321 2707 497 2793 ‘Nolim'‚
515 2709 633 2793 inquit,
659 2707 756 2773 ‘mea
774 2709 886 2793 bona,
909 2706 1095 2793 Graccho,

81 2797 161 2861 tibi
197 2797 346 2861 viritim
383 2796 555 2863 dividere
590 2798 727 2880 libeat,
757 2797 850 2882 sed,
887 2796 922 2861 si
958 2796 1095 2881 faciae,

39 2887 234 2969 aopartem
264 2883 412 2970 petam?
457 2885 618 2950 Parumne
645 2884 823 2949 declaravit
849 2884 899 2948 vir
927 2884 1036 2968 gravis
1063 2888 1097 2948 ct

82 2973 213 3055 sapiens
239 2974 312 3057 lege
336 2972 526 3056 Sempronia
552 2974 784 3057 patrimonium
806 2973 970 3056 publicum
995 2972 1096 3037 dissu-

81 3060 179 3144 pari?
219 3060 306 3145 Lege
330 3062 496 3126 orationes
517 3059 671 3144 Gracchi,
692 3065 866 3144 patronum
885 3061 1002 3126 9999999
1025 3082 1095 3125 9999

81 3148 180 3213 (19999.
224 3148 335 3233 Negat
356 3147 517 3233 Epicurus
546 3149 683 3213 iucunde
706 3169 801 3232 posse
823 3148 904 3231 9999,
930 3148 994 3212 nisi
1022 3170 1095 3213 oum
1113 3166 1150 3216 99

81 3237 204 3300 virtute
231 3237 373 3320 vivatur,
399 3240 510 3322 negat
526 3237 627 3302 ullam
657 3237 692 3300 in
721 3236 899 3320 sapientem
926 3237 993 3300 vim
1026 3256 1095 3300 esse

41 3347 68 3390 99
82 3323 246 3408 fortunae,
264 3287 394 3389 tenuein
412 3325 534 3390 victum
554 3324 695 3389 antefert
712 3325 855 3407 copioso,
873 3327 973 3407 negat
991 3322 1095 3387 ullum

81 3433 153 3476 9999
176 3415 318 3497 tempus,
342 3435 404 3497 quo
424 3413 553 3496 sapiens
572 3434 639 3476 non
662 3412 838 3476 1999999999
823 3410 1002 3475 90999999
1024 3409 1095 3494 phi·

81 3500 221 3584 losopho
245 3500 357 3586 digna,
380 3501 442 3566 sed
459 3523 531 3566 cum
554 3499 726 3620 voluptate
745 3498 996 3583 pugnantia.-
954 3498 1098 3563 -Non
