2346 3876
281 149 347 203 ΜΒ.
366 149 400 203 v.
429 147 506 204 cnr.
525 155 647 204 ao-ar.
675 153 832 213 eea-eo.
999 149 1065 212 275

55 309 168 392 eredo,
195 310 230 373 in
252 310 426 392 sententia,
454 310 509 393 qui
536 309 681 375 dolorem
704 311 824 374 malurn
852 310 964 374 dieunt
985 332 1066 393 esse,

56 397 96 462 de
119 397 297 481 asperitate
319 402 428 462 autem
451 398 520 462 eius
547 397 677 463 fortiter
702 398 834 461 ferenda
860 399 1066 483 praecipiunt

56 485 186 568 eadem,
213 507 295 568 quae
322 483 432 550 Stoici.
480 484 526 550 Et
552 484 682 568 quidem
703 486 867 550 Arcesilas
890 490 980 569 tuus,
1003 488 1064 550 etsi

55 573 121 638 fnit
144 573 179 637 in
203 570 386 638 disserendo
408 574 620 657 pertinacior,
643 577 752 638 tamen
770 577 881 638 noster
898 574 973 656 fuit3
996 578 1067 638 erat

32 661 145 726 renim
167 659 361 725 Polemonis.
401 659 435 725 Is
458 682 530 725 cum
553 661 679 726 arderet
706 662 869 745 podagrae
893 660 1065 744 doloribus,

56 748 288 832 visitassetque
314 748 478 813 hominem
502 746 691 814 Charmides
713 749 892 832 Epicureus
916 748 1065 832 perfami-

55 835 148 901 liaris
166 840 201 900 et
217 836 319 901 tristis
338 837 453 919 exiret,
469 835 579 919 Mane,
598 858 731 936 quaeso,
748 837 867 921 inquit,
891 834 1064 901 Charmide

55 927 182 1008 noster;
208 924 292 988 nihil
318 924 408 989 illino
434 924 498 990 hue
523 925 680 1009 pervenit.
730 923 881 990 Ostendit
911 925 1008 1009 pedes
1032 929 1065 989 et

56 1016 179 1096 peetus.
224 1011 273 1077 Ao
294 1015 404 1077 tamen
424 1012 478 1078 hio
500 1012 612 1077 mallet
633 1035 699 1078 non
722 1011 840 1078 dolere.

21 1124 45 1164 ro
122 1099 216 1171 Haeo
247 1100 426 1184 igiturest
456 1106 570 1166 nostra
598 1101 697 1183 ratio,
730 1124 812 1186 quae
843 1102 905 1166 tibi
937 1076 1116 1201 videtur-ig}

56 1188 259 1270 inconstans,
285 1209 359 1252 oum
385 1192 521 1272 propter
546 1188 674 1253 virtutis
701 1191 873 1254 caelestem
903 1191 1064 1273 quandam

57 1280 91 1341 et
118 1275 262 1340 divinam
291 1279 480 1360 tantamque
515 1277 761 1360 praestantiam,
793 1283 842 1360 ut,
873 1279 930 1342 ubi
961 1279 1064 1342 virtus

57 1365 102 1428 sit
123 1384 240 1446 resque
262 1384 399 1448 magnae
418 1369 451 1428 et
469 1385 592 1428 summe
610 1365 789 1430 laudabiles
807 1367 927 1430 virtute
945 1372 1064 1450 gestae,

56 1451 103 1517 ibi
125 1472 198 1516 esse
220 1452 350 1516 miseria
372 1456 406 1516 et
427 1473 581 1516 aerumna
602 1474 668 1517 non
695 1454 813 1537 possit,
839 1456 949 1518 tamen
971 1454 1064 1518 labor

21 1540 174 1624 upossit,
196 1539 302 1622 possit
323 1541 486 1623 molestia,
508 1562 574 1605 non
596 1541 740 1605 dubitem
763 1540 868 1604 dicere
887 1561 997 1605 omnes
1016 1564 1064 1605 sa·

55 1629 184 1711 pientes
206 1649 333 1711 semper
356 1649 425 1692 esse
448 1629 575 1710 beatos,
598 1628 654 1692 sed
676 1631 785 1691 tamen
807 1629 878 1692 fieri
899 1650 1004 1711 posse,
1027 1635 1064 1692 ut

55 1715 99 1780 sit
121 1715 205 1780 alius
229 1715 294 1779 alio
316 1714 452 1780 beatior.
486 1714 588 1799 Atqui
607 1716 670 1779 iste
690 1717 780 1781 locus
804 1719 866 1797 est,
889 1715 979 1798 Piso,
1001 1717 1063 1780 tibi

55 1804 155 1868 etiam
186 1805 284 1886 atque
315 1804 413 1868 etiam
445 1803 697 1885 confirmandus,
730 1805 876 1888 inquam3
908 1825 1002 1887 quem
1036 1805 1063 1867 si

55 1891 214 1973 tenueris,
241 1913 307 1955 non
330 1891 425 1955 modo
448 1913 556 1956 meum
579 1890 779 1974 Ciceronem,
807 1891 862 1955 sed
889 1893 989 1956 etiam
1012 1914 1062 1955 me

20 2002 43 2041 ro
54 1979 165 2063 ipsum
193 1978 332 2043 abducas
359 1978 480 2043 licebit.
525 1979 607 2042 Tum
630 1978 783 2054 Quintus:
821 1978 902 2043 Mihi
926 1979 1063 2064 quidem,
1081 1996 1115 2042 eo

54 2067 174 2152 inquit,
196 2066 276 2131 satis
298 2067 360 2132 hoo
383 2068 607 2132 confirmatum
631 2067 772 2151 videtur,
799 2063 963 2153 laetor'que
993 2091 1063 2132 eam

54 2154 311 2238 philosophiam,
338 2155 429 2219 euius
457 2159 553 2219 antea
580 2155 813 2238 supellectilem
842 2158 944 2241 pluris
967 2157 1063 2221 aesti-

54 2243 185 2308 mabam
208 2263 304 2325 quam
326 2242 546 2326 possessiones
569 2243 766 2327 reliquarum
790 2243 853 2327 (ita
870 2244 952 2309 mihi
974 2245 1063 2309 dives
1110 2250 1115 2261 '

53 2330 238 2410 ridebatur,
255 2334 294 2394 ut
312 2331 352 2395 ab
371 2351 409 2395 ea
426 2333 536 2414 petere
557 2352 700 2414 possem,
724 2332 873 2416 quiequid
893 2333 927 2396 in
946 2331 1063 2397 studiis

18 2419 176 2485 anostris
194 2416 441 2502 conrupissem),
462 2418 546 2482 hane
569 2419 670 2502 igitur
693 2419 798 2483 laetor
820 2419 919 2483 etiam
942 2420 1062 2483 acutio-

53 2527 123 2571 rem
149 2509 313 2590 repertam
339 2527 436 2590 quam
463 2509 601 2588 ceteras,
630 2505 716 2591 quod
746 2506 877 2589 quidam
899 2507 929 2569 ei
952 2507 1062 2571 deesse

54 2595 215 2694 dicebant:
263 2591 338 2658 Non
364 2615 461 2677 quam
487 2597 633 2658 nostram
660 2593 802 2678 quidem,
832 2594 938 2676 inquit
968 2593 1062 2658 Pom-

52 2702 262 2845 well
289 2790 306 2833 e
331 2681 628 2834 dhllllt
646 2680 1061 2852 pliztffltffllhltss

15 2878 92 2922 aaa
117 2857 208 2922 diota
235 2861 356 2921 sunta
382 2861 429 2939 te,
456 2878 515 2920 nee
542 2856 649 2921 minus
676 2858 771 2939 plane
801 2857 933 2938 [verbis]
963 2880 1061 2942 quam

52 2945 205 3010 dicuntur
226 2967 247 3008 a
269 2943 401 3019 Graeois
425 2944 551 3028 [aptis].
596 2941 657 3008 Sed
679 2948 807 3028 tempus
831 2949 893 3028 est,
924 2946 951 3009 si
976 2947 1061 3010 vide·

50 3037 120 3117 tur,
147 3035 182 3098 et
202 3035 291 3097 reeta
313 3032 441 3115 quidem
464 3031 504 3096 ad
529 3052 591 3096 me.
635 3030 728 3107 Quod
751 3032 902 3098 rumille
926 3033 1062 3098 dixisset

51 3125 85 3186 et
111 3121 194 3222 satis
221 3120 421 3223 disputatum
449 3118 623 3202 videretur,
651 3119 685 3184 in
713 3120 867 3205 oppidum
895 3120 936 3184 ad
965 3120 1060 3186 Pom-

49 3229 185 3292 pomum
206 3230 405 3292 perreximus
428 3228 550 3271 omnes.

478 3422 643 3429 ..μ-ω---
