2346 3876
108 161 175 225 240
270 160 319 213 ns
338 159 483 215 rimans
501 157 749 218 senonense,
764 156 951 212 nsuoaun
1055 130 1062 139 ’

109 324 288 406 principem
323 343 384 388 esse
419 321 616 404 conveniret,
656 320 802 403 pluribus
839 322 1011 403 praeterea
1048 343 1119 385 con-

109 411 305 494 scripsisset,
329 412 384 495 qui
407 413 493 474 esset
511 410 653 492 optimus
676 408 895 491 reipublicae
920 411 1037 492 status,
1059 408 1119 472 hoc

108 499 250 582 amplius
286 499 543 581 Theophrastus:
580 518 661 582 qnae
698 499 805 561 essent
841 497 877 560 in
915 517 951 560 re
988 496 1119 581 publica

109 609 216 651 rerum
248 587 473 650 inclinationes
507 590 539 650 et
570 587 735 649 momenta
766 587 965 667 temporum,
1002 585 1118 668 quibus

111 679 195 740 esset
221 674 464 757 moderandum,
492 677 663 756 utcumque
694 694 747 736 res
778 671 970 755 postularet
1023 671 1142 737 Vitaes

111 766 219 828 autem
251 762 411 847 degendae
443 762 526 826 ratio
558 761 699 825 maxime
730 760 795 824 illis
829 760 959 843 quidem
996 761 1120 844 placuit

110 851 232 935 quieta,
255 851 289 913 in
312 850 583 934 contemplatione
607 852 639 912 et
662 847 848 933 cognitione
870 848 981 931 posita
1003 870 1119 931 rerum,

110 960 193 1022 quae
216 939 292 1022 quia
315 937 446 1002 deorum
468 937 555 1001 vitae
578 941 648 1001 erat
671 935 851 1019 simillima,
876 936 1027 1019 sapiente
1050 937 1120 1001 visa

112 1029 162 1090 est
184 1026 383 1111 dignissima.
429 1026 536 1109 Atque
566 1025 617 1088 his
641 1024 679 1088 de
701 1024 798 1088 rebus
820 1027 854 1087 et
877 1024 1051 1107 splendida
1073 1029 1120 1089 est

62 1163 85 1226 ὅ
112 1136 222 1178 eorum
246 1117 279 1177 et
300 1112 437 1178 illustris
461 1113 573 1177 oratio.
678 1201 685 1214 .
977 1202 984 1215 ·
1133 1139 1153 1178 rc

56 1239 91 1287 12
112 1200 1120 1392 tttranseuntur,terratia

109 1376 796 1549 teltltttfi’„lltttplllttnttt
813 1381 1120 1548 ttttttttt

111 1574 236 1617 summa
266 1556 376 1617 tamen
406 1553 479 1636 ipsa
512 1555 568 1616 aut
599 1553 740 1616 varietas
768 1555 819 1616 est
845 1552 914 1616 ulla
941 1553 1030 1637 apud
1059 1554 1117 1618 hos
1131 1579 1154 1618 15

111 1641 247 1725 quidem,
266 1663 345 1724 quos
363 1641 539 1723 nominavi,
562 1644 619 1704 aut
636 1640 721 1704 inter
740 1641 827 1723 ipsos
850 1640 1021 1706 dissensio.
1060 1639 1121 1706 Sed

111 1750 184 1793 oum
207 1730 303 1793 beata
324 1729 393 1792 vita
415 1731 588 1812 quaeratur
616 1728 779 1811 idque-sit
802 1749 916 1809 unum,
943 1729 1032 1813 qnod
1054 1730 1121 1814 phi-

110 1816 261 1900 losophia
283 1820 428 1899 spectare
452 1819 485 1880 ct
514 1816 604 1899 sequi
631 1816 760 1899 debeat,
787 1816 871 1881 sitne
895 1838 934 1885 ea
960 1820 1036 1882 tota
1058 1819 1122 1882 sita

110 1905 144 1968 in
170 1907 332 1986 potestate
360 1904 515 1987 sapientis
547 1925 590 1967 an
621 1905 726 1986 possit
758 1907 815 1968 aut
841 1903 1036 1970 labefactari
1066 1909 1122 1970 aut

107 1992 192 2074 eripi
223 1992 319 2055 rebus
354 1992 510 2074 adversis,
543 1991 577 2054 in
610 2012 647 2056 eo
684 2014 750 2056 non
784 2012 963 2075 numquam
998 1993 1160 2058 variaris

110 2081 195 2143 inter
228 2100 282 2142 eos
314 2083 348 2143 et
379 2079 520 2143 dubitari
547 2079 680 2143 videtur.
733 2078 826 2155 Quod
852 2081 993 2144 maxime
1023 2081 1124 2146 efficit

110 2166 329 2248 Theophrasti
344 2166 396 2235 ,de
414 2167 519 2254 ¹beata
542 2166 611 2231 vita
633 2167 729 2251 liber,
757 2168 878 2250 inquo
901 2168 1045 2233 multum
1069 2170 1123 2234 ad·

110 2254 241 2317 modum
264 2253 413 2318 fortunae
437 2255 539 2319 datur.
586 2254 679 2330 Quod
707 2255 735 2318 si
757 2255 805 2319 its
832 2254 1027 2340 schabest,
1057 2280 1124 2322 non

110 2341 216 2424 possit
238 2342 367 2405 beatam
390 2343 492 2406 vitam
514 2345 679 2425 praestare
703 2343 871 2426 sapientia.
923 2342 1016 2409 Haec
1039 2345 1123 2410 mihi

110 2429 237 2493 videtur
273 2430 456 2513 delicatior,
492 2435 529 2495 ut
564 2431 612 2494 ita
649 2430 766 2513 dicam,
798 2431 992 2515 molliorque
1007 2463 1009 2467 ·
1024 2434 1160 2517 ratique

111 2539 208 2601 quam
234 2517 364 2582 virtutis
391 2519 440 2582 vis
469 2519 673 2602 gravitasque
703 2519 857 2601 postulat.
903 2518 1008 2594 Quare
1033 2525 1124 2586 tene·

111 2628 202 2669 amus
232 2605 442 2671 Aristotelem
473 2609 506 2669 et
533 2606 601 2670 eius
628 2606 731 2669 filium
753 2604 1002 2686 Nicomachum,
1030 2611 1124 2675 cuius

110 2697 258 2757 accurate
282 2693 393 2776 scripti
416 2693 455 2756 de
474 2693 720 2758 moribus'libri
742 2694 891 2758 dicuntur
914 2694 964 2759 illi
988 2698 1124 2780 quidem

111 2801 180 2843 esse
204 2779 389 2863 Aristoteli,
414 2781 552 2845 sednon
571 2780 677 2864 video,
701 2803 757 2846 eur
779 2804 845 2846 non
867 2784 1012 2865 potuerit
1036 2788 1125 2869 patri

111 2867 228 2931 similis
252 2889 322 2932 esse
344 2869 438 2933 filius.
483 2868 744 2952 Theophrastum
772 2873 883 2934 tamen
907 2870 1123 2939 adhibeamus
1136 2900 1162 2940 so

111 2954 151 3017 ad
183 2955 349 3038 pleraque,
384 2955 460 3020 dum
491 2956 586 3020 modo
618 2958 691 3040 plus
723 2957 757 3020 in
788 2957 908 3022 virtute
939 2961 1124 3045 teneamus,

58 3062 91 3110 13
111 3063 207 3124 quam
233 3043 289 3105 ille
316 3044 433 3124 tenuit,
460 3045 623 3108 firmitatis
647 3048 680 3108 et
704 3045 840 3110 roboris.
886 3043 993 3111 Simus
1018 3049 1123 3134 igitur

111 3130 253 3193 contenti
286 3128 370 3195 his·
400 3129 546 3214 Namque
579 3132 695 3196 horum
727 3132 848 3215 posteri
884 3134 1037 3201 meliores
1073 3139 1123 3202 illi

110 3217 238 3300 quidem
271 3239 342 3282 mea
374 3220 534 3283 sententia
566 3242 662 3303 quam
698 3221 896 3304 reliquarum
927 3222 1122 3309 philosophi

110 3304 367 3389 disciplinarum,
390 3306 444 3369 sed
467 3306 516 3370 ita
538 3306 744 3391 degenerant,
772 3311 809 3371 ut
835 3309 898 3392 ipsi
929 3330 969 3373 ex
992 3332 1029 3375 se
1052 3315 1122 3378 nati
1136 3338 1161 3379 a

110 3413 180 3456 esse
212 3392 388 3457 videantur.
442 3393 586 3469 Primum
618 3395 847 3480 Theophrasti,
880 3393 1004 3482 Strato,
1037 3401 1121 3484 phy·

106 3479 211 3545 sicum
235 3503 269 3546 se
293 3480 409 3565 voluit3
433 3480 467 3545 in
491 3504 553 3565 quo
573 3484 634 3547 etsi
657 3487 706 3548 est
729 3504 878 3569 magnus,
902 3487 1014 3551 tamen
1036 3509 1122 3553 nora
