2346 3876
88 159 153 224 392
283 157 585 213 TUSCULANARUM
603 156 907 213 DISPUTATIONUM

88 326 122 386 et
151 322 303 386 instituta
325 323 558 404 cognoscerent
579 319 728 403 regisque
752 319 1039 405 einsaequitatem
1057 321 1086 381 et
1131 342 1133 349 ·

89 409 282 494 sapientiam
297 430 317 472 a
335 407 511 472 maioribus
531 407 598 471 suis
617 407 827 490 accepissent,
846 411 973 472 aetates
991 409 1086 472 autem

89 502 122 562 et
148 501 297 582 tempora
323 495 512 579 ignorarent
538 498 673 579 propter
697 498 907 578 vetustatem,
935 516 1019 577 eum,
1040 494 1086 578 qui

89 584 249 669 sapientia
267 584 450 661 excelleret,
468 582 676 667 Pythagorae
695 583 879 648 auditorem
896 583 1087 648 credidemnt

50 674 199 741 afuisse.
243 672 289 736 Et
317 671 356 735 de
379 671 564 736 coniectura
586 671 716 754 quidem
738 671 907 736 hactenus.
952 668 1104 753 Vestigias

90 765 198 826 autem
211 759 489 844 Pythagoreorum
503 780 698 843 quamquam
711 760 816 823 multa
830 759 943 844 colligi
956 761 1087 842 possunt,

88 850 200 933 paucis
218 852 328 913 tamen
344 850 479 930 utemur,
502 847 655 930 quoniam
674 846 792 912 non-id
811 847 923 930 agitur
941 847 1002 912 hoc
1018 850 1087 911 tem·

89 959 175 1020 pore.
223 935 311 1001 Nam
338 957 410 1000 cnm
437 935 634 999 carminibus
663 934 751 999 soliti
778 935 829 998 illi
854 956 927 999 esse
954 935 1089 999 dicantur

90 1029 123 1090 et
140 1027 314 1109 praecepta
330 1023 488 1106 quaedam
506 1022 664 1087 occultius
682 1022 810 1086 madere
829 1026 863 1087 et
880 1028 1007 1087 mentes
1025 1041 1088 1087 suas

90 1136 110 1178 a
139 1112 373 1196 cogitationum
402 1111 583 1175 intentione
612 1113 708 1174 cantu
735 1110 918 1195 fidibusque
948 1110 988 1176 ad
1012 1113 1115 1174 tran-n

90 1199 285 1284 quillitatem
310 1198 490 1282 traducere,
517 1199 738 1283 gravissumus
762 1201 876 1263 auctor
901 1199 939 1263 in
962 1197 1089 1283 Origini·

89 1288 149 1352 bus
178 1285 260 1351 dixit
287 1283 369 1350 Cato
396 1308 518 1350 morem
546 1285 632 1370 apud
658 1286 796 1350 maiores
821 1285 909 1350 bunc
933 1287 1089 1370 epularum

88 1375 203 1458 fuisse,
220 1376 258 1438 ut
276 1374 439 1459 deinceps,
457 1375 513 1458 qni
531 1374 735 1457 accubarent,
754 1377 907 1438 canerent
927 1374 969 1439 ad
986 1374 1090 1439 tibiam

90 1465 251 1528 clarorum
269 1463 411 1528 virorum
433 1461 546 1526 laudes
566 1466 663 1545 atque
686 1462 832 1526 virtutes.
867 1460 921 1526 Ex
944 1484 1008 1546 quo
1029 1482 1090 1546 per·

91 1551 235 1635 spicuum
268 1553 317 1616 est
346 1553 379 1613 et
410 1553 522 1614 cantus
551 1553 622 1614 tum
650 1549 751 1614 fnisse
781 1549 957 1633 discriptos
987 1570 1091 1616 vocum
1101 1573 1118 1614 a

54 1639 179 1709 emnia
207 1643 241 1703 et
266 1638 418 1703 carmina.
468 1636 671 1722 Quamquam
702 1634 735 1700 id
765 1637 894 1721 quidem
923 1639 1022 1703 etiam
1048 1654 1092 1702 ¹11

89 1726 220 1793 tabulae
238 1727 412 1810 declarant,
430 1725 524 1789 condi
541 1726 607 1789 iam
624 1729 696 1789 tum
714 1725 847 1790 solitum
866 1747 938 1791 esse
956 1748 1091 1806 carmem

90 1815 174 1899 quod
201 1835 241 1880 ne
267 1814 381 1878 liceret
406 1812 478 1878 fieri
505 1813 545 1877 ad
572 1813 707 1877 alterius
733 1813 901 1898 iniuriam,
929 1815 1002 1900 lege
1030 1836 1092 1878 san·

88 1907 214 1968 xerunt.
266 1901 335 1967 Nec
368 1922 444 1966 vero
476 1901 556 1965 illud
587 1923 653 1966 non
685 1901 883 1966 eruditorum
917 1905 1093 1987 temporum

91 1993 316 2076 argumentum
348 1992 411 2072 est,
447 1989 533 2072 quod
570 1993 602 2053 et
638 1989 771 2054 deorum
805 1989 1032 2072 pulvinaribus
1066 1992 1121 2054 eta

90 2079 191 2161 epulis
216 2079 467 2161 magistratuum
492 2076 572 2140 fides
594 2077 796 2160 praecinunt,
825 2076 912 2163 quod
934 2080 1094 2163 proprium

91 2166 157 2229 eius
185 2165 262 2249 fuit,
295 2165 333 2228 de
361 2187 425 2248 qua
452 2165 579 2248 loquor,
611 2163 809 2248 disciplinae.
859 2164 943 2230 Mihi
972 2166 1094 2250 quiden

91 2254 187 2317 etiam
201 2252 301 2336 Appii
316 2249 412 2317 Caeci
426 2274 564 2336 carmen,
582 2252 668 2336 quod
685 2252 779 2317 valde
791 2252 969 2319 Panaetius
988 2254 1094 2319 laudat

91 2340 232 2425 epistula
254 2340 406 2424 quadam,
433 2361 514 2424 quae
542 2344 592 2404 est
615 2340 656 2404 ad
677 2340 716 2416 Q⁸⁴
737 2339 954 2421 Tuberonem,
980 2342 1094 2427 Pytha·

90 2449 225 2512 goreum
243 2428 378 2493 videtur.
410 2427 516 2493 Multa
535 2429 633 2492 etiam
653 2432 730 2493 sunt
747 2429 782 2492 in
799 2429 922 2495 nostris
941 2429 1124 2496 institutisa

91 2518 186 2582 ducta
209 2518 250 2582 ab
273 2517 353 2599 illis3
377 2537 459 2600 quae
477 2520 658 2601 praetereo,
680 2538 721 2580 ne
744 2538 795 2599 ea,
818 2538 901 2601 quae
919 2519 1095 2603 repperisse

56 2624 72 2671 5
90 2604 154 2688 ipsi
176 2608 341 2688 putamur,
369 2604 496 2668 aliunde
525 2603 673 2669 didicisse
695 2604 870 2688 uideamur.
915 2604 980 2670 Sed
1002 2611 1040 2672 nt
1060 2604 1095 2670 ad

89 2693 291 2776 propositum
318 2691 430 2757 redeat
458 2692 575 2775 oratio,
602 2714 700 2776 quam
726 2692 817 2757 brevi
843 2697 993 2776 tempore
1025 2697 1096 2779 quot

91 2784 124 2842 ct
142 2781 255 2862 quanti
273 2784 401 2863 po'e'tae,
425 2780 480 2865 qui
498 2783 608 2844 antem
627 2783 771 2845 oratores
791 2780 982 2848 extiterunt!
1005 2782 1095 2847 facile

90 2871 126 2930 nt
153 2872 309 2951 appareat
334 2871 464 2932 nostros
493 2869 600 2933 omnia
628 2869 779 2952 consequi
808 2869 971 2954 potuisse,
1003 2870 1124 2935 simula

90 2958 127 3017 ut
150 2954 232 3017 velle
256 2955 446 3037 coepissent.

52 3047 72 3109 3
158 3039 221 3105 Sed
239 3041 278 3105 de
297 3043 412 3106 ceteris
432 3043 546 3107 studiis
565 3043 629 3108 alio
647 3043 720 3109 loco
740 3047 773 3108 et
796 3043 954 3129 dicemus,
976 3046 1095 3111 sinsus

11 3128 14 3133 ’
90 3129 202 3212 fuerit,
225 3133 258 3192 et
280 3150 375 3212 saepe
398 3129 546 3195 diximus.
583 3129 767 3215 Sapientiae
789 3131 933 3196 studium
956 3138 1050 3199 vetus
1067 3132 1095 3196 id

91 3217 219 3301 quidem
241 3216 276 3281 in
297 3216 432 3300 nostris,
460 3219 515 3282 sed
544 3222 654 3283 tamen
677 3223 752 3284 ante
774 3217 880 3284 Laelii
903 3223 1046 3286 aetatem
1067 3222 1095 3284 et

91 3303 250 3388 Scipionis
263 3325 329 3369 non
343 3304 468 3387 reperio
487 3327 567 3390 quos
581 3307 743 3390 appellare
756 3307 881 3391 poesim
895 3310 1123 3374 nominatimu

91 3391 214 3468 Quibus
236 3393 493 3462 adulescentibus
518 3392 662 3458 Stoicum
684 3395 854 3480 Diogenen
878 3399 912 3459 et
931 3394 1093 3461 Academi·

53 3501 157 3631 Q
188 3478 388 3550 Carneadem
414 3481 509 3549 video
536 3481 752 3547 adsecutum
779 3483 820 3547 ab
844 3483 1093 3550 Atheniensibus
