2356 3870
323 179 392 235 ala.
410 180 444 234 v.
472 178 548 235 cnr.
568 186 615 248 aa,
634 185 676 237 aa.
705 186 861 247 §cs-u.
1036 181 1103 246 265

86 345 129 404 ut
151 340 263 424 liberi,
284 343 323 405 ut
344 342 531 425 propinqui,
553 344 590 405 ut
611 342 685 425 ipsa
707 343 826 426 patria,
857 346 932 407 sunt
952 344 1010 408 illa
1034 344 1102 427 qui-

87 429 168 494 dem
191 450 250 493 sua
273 432 387 512 sponte
411 450 498 508 cara,
527 428 582 493 sed
605 429 717 495 eodem
739 430 774 494 in
797 450 927 515 genere,
949 453 1012 514 quo
1036 431 1103 514 illa,

88 538 159 582 non
191 519 274 581 sunt
318 514 387 582 Nec
413 538 488 582 vero
517 539 669 601 umquam
702 540 863 583 summum
896 519 1016 583 bonum
1052 541 1102 583 as-

90 604 188 688 sequi
205 603 377 688 quisquam
395 608 519 689 posset,
543 605 571 668 si
590 605 698 670 omnia
715 605 786 689 illa,
809 628 890 690 quae
909 610 985 671 sunt
1003 610 1102 690 extra,

64 712 292 776 aquamquam
315 692 505 777 expetenda,
528 715 654 757 summo
677 693 763 758 bono
786 694 1035 758 continerentur.

160 778 233 856 Quo
265 780 360 845 modo
392 781 505 865 igitur,
540 780 681 864 inquies,
717 802 829 845 verum
872 803 941 846 esse
980 783 1102 865 poterit
1121 817 1155 866 ,39

93 866 207 933 omnia
237 866 350 932 referri
382 868 423 970 aq
454 890 615 933 summum
646 868 780 952 bonum,
813 870 839 934 si
869 869 1044 953 amicitiae,
1074 871 1102 935 si

91 955 368 1041 propinquitates,
396 977 425 1020 sr
451 956 576 1039 reliqua
605 959 738 1021 externa
765 979 889 1023 summo
921 958 1007 1023 bono
1035 979 1102 1023 non

93 1042 322 1110 continentur?
370 1042 442 1108 Hac
470 1044 622 1108 videlicet
653 1045 791 1128 ratione,
821 1045 906 1129 quod
936 1067 988 1128 ea,
1020 1069 1101 1129 quae

58 1152 82 1193 a
93 1135 229 1197 externa
251 1133 339 1214 sunt,
361 1131 402 1196 iis
424 1135 553 1196 tuemur
576 1131 705 1216 officiis,
728 1155 809 1219 quae
829 1134 977 1198 oriuntur
1000 1157 1020 1198 a
1043 1156 1100 1199 suo

92 1219 249 1302 cuiusque
280 1239 397 1304 genere
427 1220 566 1284 virtutis.
621 1219 707 1285 Nam
739 1225 772 1285 et
804 1221 900 1288 amici
932 1222 1037 1286 cultus
1068 1227 1102 1287 et

92 1307 240 1392 parentis
269 1307 313 1390 ei,
341 1308 396 1391 qui
424 1307 529 1372 officio
557 1307 718 1392 fungitur,
744 1309 779 1372 in
801 1331 839 1374 eo
862 1310 934 1394 ipso
960 1310 1101 1394 prodest,

92 1394 178 1481 quod
207 1394 255 1458 ita
280 1393 373 1478 dmg
401 1395 505 1460 officio
533 1395 679 1460 inrecte
705 1395 801 1461 factis
829 1400 891 1478 est,
920 1419 1001 1480 quae
1025 1403 1103 1463 sunt

92 1486 167 1549 orta
192 1502 215 1546 a
240 1481 424 1547 virtutibus.
474 1483 562 1559 Quae
592 1482 720 1566 quidem
753 1484 913 1567 sapientes
947 1487 1099 1566 [utentes]

59 1573 274 1655 assequuntur
291 1568 370 1634 duce
388 1573 505 1635 natura
529 1573 727 1655 [tanquam];
749 1592 816 1636 non
835 1570 970 1655 perfecti
993 1577 1101 1637 autem

91 1658 242 1724 homines
265 1662 298 1723 et
319 1661 430 1722 tamen
452 1659 590 1742 ingeniis
611 1658 841 1723 excellentibus
858 1659 999 1742 praediti
1019 1661 1100 1725 exci-

91 1748 207 1811 tantur
224 1766 320 1828 saepe
343 1746 460 1830 gloria,
483 1767 565 1831 quae
587 1746 687 1810 habet
704 1746 843 1830 speciem
864 1747 1045 1812 honestatis
1068 1752 1101 1813 et

93 1833 351 1899 similitudinem.
387 1833 509 1909 Quodsi
528 1834 633 1916 ipsam
650 1834 853 1898 honestatem
871 1834 1011 1919 undique
1029 1857 1099 1919 per-

91 1920 214 1986 fectam
241 1924 338 2004 atque
367 1920 564 2003 absolutam,
589 1943 659 1986 rem
685 1943 782 1986 unam
811 1923 1101 2006 praeclarissimam

57 2009 240 2075 somnium
280 2009 480 2092 maximeque
520 2009 732 2093 laudandam,
775 2012 905 2094 penitus
946 2011 1102 2094 viderent,

93 2119 238 2182 quonam
273 2096 392 2180 gaudio
429 2097 679 2179 complerentur,
718 2119 790 2162 cum
829 2102 996 2182 tantopere
1034 2099 1100 2164 cius

93 2184 286 2249 adumbrata
314 2184 465 2268 opinione
492 2185 675 2249 laetentur?
720 2184 823 2260 Quem
847 2187 932 2251 enim
958 2186 1099 2251 deditum
1120 2203 1153 2251 70

92 2270 327 2355 voluptatibus,
345 2293 440 2355 quem
459 2272 672 2355 cupiditatum
691 2272 846 2338 incendiis
865 2275 1101 2340 inflammatum

92 2359 127 2424 in
153 2360 197 2424 iis
230 2358 406 2443 potiendis,
438 2381 519 2442 quae
547 2360 701 2424 acerrime
729 2357 978 2445 concupivisset,
1010 2367 1102 2428 tanta

57 2447 222 2512 ulaetitia
247 2446 396 2530 perfundi
424 2447 631 2531 arbitramur,
662 2450 784 2531 quanta
816 2451 873 2512 aut
904 2449 1101 2531 superiorem

93 2534 284 2599 Africanum
311 2532 494 2598 Hannibale
521 2535 608 2599 victo
636 2538 693 2599 aut
718 2536 931 2618 posteriorem
962 2535 1101 2601 Kartha-

93 2623 168 2707 gine
192 2621 328 2686 eversa?
373 2623 477 2698 Quem
495 2622 649 2686 Tiberina
672 2622 837 2688 descensio
860 2623 944 2687 festo
966 2624 1025 2688 illo
1049 2625 1100 2688 die

92 2713 185 2775 tanto
214 2709 332 2794 gaudio
357 2710 477 2791 affecit,
507 2714 628 2793 quanto
651 2709 686 2774 L.
709 2710 871 2793 Paullum,
896 2733 969 2776 cum
992 2733 1101 2797 regem

93 2797 225 2883 Persem
257 2801 387 2881 captum
419 2797 604 2881 adduceret,
635 2797 746 2863 eodem
777 2799 908 2863 flumine
940 2800 1100 2865 invectio?

63 2884 164 2970 uAge
196 2906 296 2970 nunc,
327 2885 406 2950 Luci
436 2888 559 2968 noster,
595 2889 723 2950 exstrue
755 2887 863 2952 animo
897 2888 1101 2954 altitudinem
1120 2905 1153 2954 *11

93 2973 381 3056 excellentiamque
412 2973 583 3057 virtutum3
618 2974 685 3038 iam
716 2995 781 3038 non
812 2975 991 3060 dubitabis,
1024 2979 1101 3061 quin

93 3081 205 3126 earum
245 3065 410 3144 compotes
446 3059 593 3125 homines
630 3081 749 3145 magno
787 3063 895 3129 animo
933 3069 1100 3148 erectoque

93 3148 238 3214 virentes
261 3169 388 3232 semper
406 3149 471 3212 sint
493 3149 594 3232 beati3
618 3149 673 3233 qui
691 3149 797 3214 omnis
822 3155 928 3216 motus
950 3152 1099 3217 fortunae

93 3236 354 3320 mutationesque
375 3259 484 3301 rerum
502 3239 535 3299 et
557 3239 739 3319 temporum
760 3238 841 3302 levis
868 3243 900 3303 et
921 3240 1100 3304 imbecillos

63 3323 162 3390 aiore
186 3324 392 3409 intellegant,
415 3325 443 3388 si
465 3325 500 3389 in
517 3323 647 3389 virtutis
666 3327 828 3390 certamen
847 3327 1002 3391 veneunt.
1036 3325 1102 3391 llla

92 3412 190 3490 enim,
223 3432 304 3496 quae
341 3415 418 3477 sunt
449 3433 469 3476 a
498 3413 592 3477 nobis
630 3413 716 3477 bona
747 3414 890 3497 corporis
922 3418 1100 3498 numerata,

92 3499 260 3584 complent
285 3519 328 3564 ea
351 3499 480 3583 quidem
506 3499 730 3565 beatissimam
756 3501 872 3586 vitam,
899 3501 955 3566 sed
981 3503 1041 3587 ita,
1063 3506 1100 3567 ut
