2346 3876
362 164 571 220 ADNOTATIO
591 164 741 221 CRITICA.
995 168 1057 222 XLI

56 323 244 389 diffundentem
267 322 331 377 add.
354 321 426 376 Bait.
441 324 484 377 ed.
506 323 642 390 Touana„
656 326 790 392 pudoreru
806 330 906 380 uictum
924 327 1059 381 dedecoris

56 392 129 460 Seyff.
150 424 185 432 -
204 391 236 446 P.
252 399 312 448 398.
327 399 343 447 9
361 393 475 449 Euuius
494 394 589 462 codd,
608 394 703 463 Seyffi,
722 396 816 463 Hein,
840 396 941 464 Sorai,
966 396 1059 452 Euuii

54 463 148 532 (birruh
177 463 324 531 Wesenb.,
352 462 439 531 Bait,
466 465 559 519 nescio
588 481 625 519 an
651 468 741 532 reete;
770 482 835 519 nam
863 466 917 520 etsi
944 467 1059 521 dubium

53 549 100 588 non
123 536 181 601 est,
210 534 278 602 quin
305 534 449 603 potuerint
470 535 565 590 Latini
593 535 685 589 dicere
708 552 742 590 ev
764 553 817 604 quo
841 538 913 591 hlud
936 538 1059 604 Eunias,

52 604 148 658 dixisse
171 604 216 658 ita
243 620 326 658 nemo
355 604 565 660 demonstrarit.
610 605 652 659 De
676 605 732 659 div.
756 606 769 658 I
792 611 833 661 22.
858 613 892 660 43
915 608 946 661 iu
968 608 1059 662 Bruto

53 677 161 729 Accius
181 674 263 728 codd.
278 691 328 744 pro
348 677 435 730 Accii.
451 705 484 714 -
497 676 528 730 P.
544 681 603 730 338.
618 683 652 730 23
671 677 841 743 defiuiuutur
855 677 948 743 codd,
969 678 1059 746 Septi,

52 745 139 814 Hein,
163 746 302 812 deduiuut
324 745 468 813 Wesenb,
491 744 578 814 Bait,
606 745 695 802 Sorof.
720 778 752 786 -
777 747 807 801 P.
826 753 887 801 303.
906 754 940 802 28
967 751 1060 803 vuiruo

51 816 157 883 humb„
175 815 389 896 Bait.,·Sorof.‚
407 817 470 871 odio
488 816 582 882 codd,
606 817 728 872 acerbior
745 818 807 872 odio
825 822 850 871 ct
867 819 963 872 intimo
982 819 1060 873 corde

52 886 204 954 Foertsoh.,
224 887 319 953 Hem,
342 887 464 941 acerbior
482 888 558 952 odio,
584 888 681 942 iutiuo
700 889 778 943 corde
797 887 878 955 Seyff.
898 919 931 928 -
950 889 980 944 P.
999 895 1058 944 308,

52 963 77 1010 33
95 959 134 1012 sit
155 956 213 1011 del.
232 956 377 1024 Bouhier,
395 957 467 1010 Bait.
488 957 530 1010 00.
550 958 687 1025 Tauchn.,
707 963 745 1012 est
763 959 855 1024 codd.;
875 977 902 1013 v.
920 959 956 1011 ad
975 976 1001 1028 p.
1018 964 1059 1014 38.

52 1033 86 1082 13.
96 1059 132 1067 —-
142 1028 174 1081 P.
186 1033 247 1081 399.
260 1033 274 1080 1
289 1028 325 1098 [0
337 1031 410 1082 recta
423 1027 546 1097 ratiove]
560 1027 660 1095 Bentl,
675 1026 747 1082 Bait.
760 1030 802 1083 ed.
813 1030 946 1096 Tanohu,
961 1030 1059 1094 Sorof„

51 1103 74 1151 el
94 1116 114 1152 a
137 1103 215 1152 recta
238 1103 291 1152 rat.
314 1098 391 1166 vulg.
415 1128 448 1137 —
471 1098 502 1153 P.
521 1104 582 1154 333.
602 1104 634 1153 27
655 1115 695 1167 sq.
720 1100 880 1154 inveteravit
903 1131 937 1139 —
960 1102 1060 1155 iuscdit

51 1168 142 1237 Seyff.,
163 1168 278 1234 Sorai,
288 1169 477 1222 inveteraverit
490 1199 522 1208 -
538 1170 667 1223 iuscderit
685 1170 779 1236 codd,
797 1171 886 1240 rnig.3
906 1171 940 1224 cf.
954 1188 981 1240 p.
997 1177 1059 1225 263.

51 1245 85 1293 30.
106 1270 141 1278 -
161 1238 194 1293 P.
211 1244 271 1293 339.
290 1245 324 1292 35
342 1244 419 1293 sauet
436 1237 541 1306 Benti,
561 1238 642 1306 Seyff.
661 1271 696 1279 -
714 1240 744 1292 P.
759 1245 820 1293 400.
838 1247 872 1295 20
895 1243 1061 1296 viuulcutv'a

51 1327 71 1363 r.
89 1310 128 1364 ad
151 1327 180 1378 p.
196 1314 239 1363 44.
256 1314 297 1362 20.
318 1339 351 1348 -
369 1309 399 1364 P.
419 1314 479 1363 400.
499 1314 532 1362 33
558 1309 656 1363 dubito
679 1327 715 1363 au
737 1310 830 1365 verius
853 1310 950 1366 Lamb.
975 1311 1059 1380 scrip-

51 1380 112 1434 serit
130 1382 204 1443 (uou
221 1380 289 1447 quia
302 1379 358 1434 iaru
375 1381 443 1442 siut,
461 1379 507 1433 sed
520 1380 587 1447 quia
599 1395 678 1448 saepe
695 1381 792 1448 siut),
810 1382 872 1447 sic,
890 1381 971 1436 codd.
986 1383 1060 1436 enim

50 1449 152 1505 habent
169 1451 243 1513 siut,
260 1465 316 1504 non
334 1451 381 1503 sic.
413 1449 544 1504 Wesenb.
563 1450 639 1518 quod
657 1450 818 1504 Ciceronem
836 1468 892 1505 non
914 1453 983 1518 siut,
1011 1453 1060 1506 sed

51 1527 109 1574 suut
132 1520 307 1588 scripturum
328 1519 413 1574 fnisse
437 1522 546 1586 censet,
569 1520 668 1574 eodem
686 1521 770 1575 modo
794 1521 949 1590 iisdemque
967 1523 1060 1577 verbis

51 1592 176 1661 (parum
202 1590 378 1658 commode’‚
401 1589 504 1658 inquit)
527 1594 602 1645 errat
624 1607 656 1646 uo
681 1609 708 1660 p.
728 1597 788 1644 359.
809 1598 850 1645 32.
872 1622 904 1630 -
922 1590 953 1645 P.
969 1599 1060 1647 401.l

51 1663 182 1717 malivoli
205 1679 231 1715 r.
252 1660 333 1728 adp.
354 1665 412 1716 105.
429 1667 470 1714 18.
490 1690 523 1700 -
542 1661 572 1714 P.
587 1667 646 1715 401.
667 1667 683 1716 8
704 1662 838 1729 proclives
861 1661 955 1730 codd,
979 1660 1060 1726 Bait,

50 1733 166 1798 proclive
184 1729 291 1798 Bentl,
310 1729 406 1799 Heia,
420 1732 539 1800 proclivi
553 1730 656 1800 Sorai,
672 1732 824 1799 proclivius
839 1730 935 1799 Seyff.;
953 1731 1008 1785 vid.
1024 1733 1061 1786 ad

53 1801 128 1872 Seyff.
148 1801 228 1856 Lael.
248 1819 275 1870 p.
295 1806 347 1856 204
370 1817 410 1870 sq.
435 1832 468 1841 -
491 1801 522 1856 P.
544 1808 605 1856 401.
625 1808 640 1855 9
664 1818 778 1869 semper,
801 1803 929 1869 suuntur
954 1801 1060 1871 scripsi,

52 1887 148 1942 seraper
171 1873 302 1940 fuuutur
324 1872 413 1941 vulg„
437 1887 538 1940 seraper
558 1874 685 1940 scrautur
703 1872 849 1941 Wesenb,
868 1872 953 1939 Bais,
980 1873 1013 1926 of.
1033 1891 1059 1941 p.

52 1948 105 1998 400.
120 1950 166 1998 33.
189 1973 222 1981 -
241 1941 271 1997 Ρ.
287 1948 346 1997 402.
362 1948 377 1996 3
396 1943 536 2008 valetudo,
553 1943 637 2007 uires,
656 1943 833 2012 pulchritudo
853 1942 947 2011 Seyff,
971 1943 1060 2010 Hein,

53 2013 119 2082 Sor,
145 2014 327 2081 pulchritudo
349 2014 419 2068 vires
441 2014 567 2068 ualetudo
591 2013 685 2079 codd,
713 2014 852 2079 valetudo,
878 2015 1061 2082 pulchritudo,

51 2086 115 2139 vires
141 2083 251 2150 Ursin,
276 2083 421 2152 Wesenb,
446 2082 519 2137 Bait.
544 2113 577 2123 -
600 2084 630 2136 P.
650 2089 710 2137 402.
730 2088 763 2137 25
789 2100 828 2152 sq.
855 2086 982 2151 tauptari
1006 2099 1062 2139 uou

50 2160 177 2221 possrmt,
201 2169 316 2222 corpora
334 2159 452 2222 possunt
475 2154 555 2208 codd.
580 2154 706 2223 (corpora
724 2159 813 2208 auteur
836 2160 951 2223 possuut
969 2155 1061 2222 (iud),

52 2223 147 2293 Seyff„
165 2224 262 2289 Heius,
282 2224 350 2291 Sor,
369 2226 497 2294 temptari
506 2229 636 2292 possuut,
653 2229 685 2279 ut
702 2240 817 2294 corpora
833 2231 948 2293 possunt
961 2224 1061 2292 Bentl,

52 2294 119 2350 Bait.
141 2326 175 2334 -
196 2295 226 2348 P.
246 2300 306 2349 402.
327 2301 361 2348 26
380 2300 405 2350 et
427 2311 478 2364 pro
496 2296 542 2349 sed
561 2293 657 2363 Septi,
680 2295 776 2362 Heia,
800 2295 903 2360 Sorai,
925 2295 1011 2363 falso,
1031 2299 1062 2348 ut

52 2366 157 2435 opinor.
202 2365 317 2419 Poterat
340 2364 436 2419 Cicero
459 2381 562 2434 ponere
585 2381 650 2419 uara
678 2363 782 2433 (Animi
808 2365 936 2419 valentes
963 2366 1060 2419 morbo

52 2435 184 2504 temptari
209 2451 266 2489 non
290 2437 419 2504 possunt,
445 2451 562 2504 corpora
579 2438 709 2504 possunt,
733 2437 883 2505 propterea
906 2436 981 2503 quod
1004 2435 1061 2488 ani·

52 2522 159 2561 norum
183 2504 273 2559 morbi
297 2521 331 2558 ex
353 2506 548 2574 aspernatione
566 2505 683 2560 rationis
708 2505 851 2572 eveniunt,
875 2504 892 2558 i.
917 2523 940 2560 e.
964 2505 1060 2559 volun·

51 2576 114 2630 tarii
129 2577 204 2644 sunt,
217 2575 345 2630 valentes
358 2576 453 2629 autem
462 2575 549 2629 animi
562 2576 701 2630 rationem
710 2575 855 2645 aspernari
866 2591 923 2628 non
936 2577 1060 2642 possunt,

53 2640 769 2787 seruabitur.missitabat
786 2645 1062 2785 diuitias

93 2759 99 2772 ·
910 2758 917 2784 r

52 2789 168 2854 possunt
182 2786 234 2840 illa
247 2786 373 2855 quidem,
393 2786 442 2840 sed
459 2787 537 2840 nulla
556 2803 606 2841 sua
624 2788 707 2856 eulpa
722 2789 852 2856 possunt,
871 2787 946 2854 quod
965 2790 1062 2841 eontra

53 2857 141 2911 estin
159 2855 268 2910 animis.
289 2887 322 2896 —
340 2857 370 2910 P.
386 2861 445 2911 402.
462 2863 496 2911 35
514 2862 579 2911 suut
597 2859 668 2911 cuius
685 2859 773 2912 ruulta
790 2857 927 2926 Madvig.,
950 2857 1061 2924 Baiter,

53 2926 153 2996 Sorof„
171 2943 230 2981 uou
247 2929 318 2981 cuius
335 2929 367 2981 iu
384 2927 443 2981 ulla
460 2927 565 2996 Bentl.,
585 2927 681 2996 Seyffi,
699 2927 780 2981 Hein.
796 2959 830 2968 -
844 2928 874 2981 P.
889 2934 949 2982 403.
965 2935 982 2982 4
996 2931 1062 2998 quia

53 2998 142 3066 codd,
160 2998 230 3067 quia
246 2998 276 3051 hi
292 2997 398 3064 Lamb,
416 2999 465 3066 qui
483 2997 561 3066 Dav,
580 2996 662 3065 Bait,
682 2997 773 3066 Seyff,
791 2997 881 3067 Hein,
901 2999 958 3053 Sor.
989 2999 1062 3053 Illud

52 3068 173 3122 noluisse
194 3067 286 3121 dicere
307 3065 480 3136 Ciceronem,
503 3068 558 3122 hoc
576 3068 623 3121 vix
640 3068 773 3136 potuisse·
784 3068 936 3128 sentio..—
955 3069 984 3125 P.
1001 3075 1061 3123 403.

53 3139 230 3208 8scruplosis
244 3137 338 3206 codd,
356 3139 523 3206 scrupulosis
542 3139 606 3192 edd.
620 3138 808 3193 incertissima
826 3154 877 3192 res.
899 3171 931 3179 —
950 3139 980 3193 P.
1000 3145 1059 3193 404.

53 3213 83 3262 22
102 3224 214 3263 omues
230 3209 344 3262 virtutes
361 3207 395 3262 H.
414 3207 447 3263 A.
467 3207 575 3262 Koohio
594 3209 707 3263 auctore
727 3209 784 3264 Sor.
805 3240 838 3249 -
857 3210 886 3265 P.
906 3215 966 3264 405.
987 3215 1000 3262 1
1021 3225 1060 3276 sq.

54 3283 100 3332 aut
122 3281 157 3346 iu
181 3279 282 3334 studiis
308 3279 435 3333 humanis
461 3295 552 3333 errore
581 3295 634 3333 om.
661 3278 733 3333 Bait.
759 3280 788 3333 in
815 3282 932 3347 utraque
958 3278 1000 3332 00.
1028 3307 1061 3318 -

53 3348 80 3401 P.
99 3354 160 3403 405,
181 3356 216 3402 24
239 3350 287 3418 qui
309 3364 384 3402 error
407 3347 462 3403 -i’
485 3349 558 3405 Bait.
583 3350 624 3403 sd.
645 3350 781 3417 Tauchn.,
807 3350 863 3419 Qui
881 3351 906 3404 si
924 3363 999 3403 error
1018 3377 1060 3400 —.

54 3421 129 3487 cett,
153 3437 180 3473 v.
206 3419 288 3488 Seyff.
311 3419 387 3474 Lasl.
411 3437 438 3488 p.
462 3424 513 3474 253
539 3437 578 3487 sq.
601 3438 628 3473 n.
653 3451 686 3460 -
709 3420 739 3473 P.
759 3425 819 3473 405.
840 3424 873 3472 25
901 3433 943 3471 res
971 3417 1060 3471 eadcuv

54 3495 160 3545 moveat
178 3488 263 3557 Bait,
282 3489 376 3558 Heia,
395 3490 468 3556 Sor,
486 3505 528 3545 res
546 3491 649 3546 caedem
667 3494 797 3548 uzaueaut
814 3489 878 3559 aii,
901 3485 1003 3557 Septi,
1023 3503 1069 3542 res
1156 3554 1158 3559 ¹
