2346 3876
301 106 368 161 ΜΒ.
387 108 422 162 ΙΙ.
450 106 526 162 οΑΡ.
548 113 655 176 10,11.
683 112 838 172 §ar-as.
1033 105 1075 170 37

62 269 179 352 videri,
198 273 308 334 cetera
326 271 434 333 autem
452 270 634 352 concedere,
654 269 779 334 faciunt
796 270 973 355 pueriliter.
1005 268 1076 345 Quo

63 358 148 422 enim
193 357 304 423 omnia
339 358 535 442 iudicantur,
567 359 695 423 sublato
726 359 851 442 reliqua
885 381 918 423 se
954 363 1077 443 negant

61 446 193 529 tollere,
218 450 270 529 ut,
302 446 331 510 si
358 447 430 529 quis
456 469 551 531 quem
579 447 681 512 oculis
704 447 894 531 privaverit,
921 447 1007 510 dicat
1030 468 1077 529 ea,

62 557 144 619 quae
179 535 271 600 cerni
301 539 449 618 possent,
481 556 515 600 se
548 535 578 599 ei
592 557 672 613 non
701 535 867 600 ademisse.
915 534 962 600 Ut
992 535 1076 599 enim

37 623 119 688 silla
147 623 253 688 oculis
281 621 385 687 modo
406 628 637 708 agnoscuntur,
671 623 717 688 sic
749 623 873 706 reliqua
900 623 994 706 visis,
1021 623 1076 687 sed

62 711 197 795 propria
222 711 304 795 veri,
325 733 392 776 non
415 712 576 777 communi
598 712 666 777 veri
690 717 723 776 et
744 711 822 776 falsi
842 715 929 776 nota
973 710 1077 787 Quam

63 801 104 864 ob
123 821 210 883 rem,
233 800 302 864 sive
320 805 359 864 tu
376 800 580 883 probabilem
597 801 769 883 visionem,
790 801 858 865 sive
875 800 1077 883 probabilem

63 893 110 972 et,
133 910 221 972 quae
242 909 310 953 non
332 887 539 972 impediatur,
565 893 602 953 ut
633 885 813 953 Carneades
836 888 980 972 volebat,
1010 887 1077 952 sive

63 976 153 1041 aliud
181 975 261 1061 quid
290 975 434 1059 proferes
441 1027 450 1060 ,
482 977 568 1061 quod
600 999 746 1061 sequare,
777 977 819 1041 ad
850 978 956 1042 visum
985 976 1078 1060 illud,

29 1063 102 1130 rode
125 1087 191 1149 quo
217 1064 360 1150 agimuS,
389 1063 452 1130 tibi
479 1065 542 1130 erit
563 1064 797 1130 revertendum.
840 1063 880 1130 In
908 1087 946 1131 eo
969 1070 1130 1134 autemst

63 1154 91 1218 si
120 1153 185 1218 erit
213 1153 426 1218 communitas
454 1175 527 1218 cum
550 1153 647 1236 falso,
676 1153 801 1218 nullum
826 1154 888 1218 erit
914 1154 1077 1238 iudicium,

63 1242 139 1325 quia
157 1241 328 1325 proprium
352 1242 515 1307 communi
533 1242 627 1327 signo
646 1242 755 1306 notari
775 1264 843 1306 non
865 1247 981 1324 potest.
1018 1242 1076 1308 Sin

65 1334 176 1395 autem
199 1351 371 1396 commune
388 1330 473 1394 nihil
491 1330 562 1413 erit,
583 1331 700 1414 habeo,
722 1330 807 1415 quod
825 1331 911 1414 vol03
934 1331 967 1395 id
991 1332 1076 1395 enim

64 1441 201 1504 quaero,
225 1419 309 1502 quod
331 1418 379 1482 ita
406 1419 488 1484 mihi
510 1419 658 1483 videatur
680 1440 805 1501 verum,
827 1422 951 1484 utnon
972 1420 1078 1503 possit

30 1532 52 1572 u
65 1509 145 1572 item
168 1506 289 1571 falsum
317 1506 429 1571 videri.
473 1505 578 1571 Simili
605 1509 639 1573 in
662 1526 770 1572 errore
793 1511 977 1590 versantur,
1004 1528 1100 1571 cum-

66 1595 214 1661 convicio
242 1595 388 1659 veritatis
412 1596 516 1659 coacti
544 1595 714 1679 perspicua
737 1618 756 1659 a
777 1595 940 1678 perceptis
963 1594 1078 1658 volunt

66 1684 315 1768 distinguereet
329 1687 486 1748 conantur
499 1683 667 1748 ostendere
681 1704 751 1748 esse
770 1682 892 1766 aliquid
907 1682 1078 1765 perspicui,

67 1793 180 1836 verum
197 1770 277 1835 illud
296 1770 645 1874 quidem,1mpressum
662 1772 697 1836 in
716 1771 823 1836 auimo
843 1773 939 1854 atque
961 1774 1079 1852 mente,

66 1881 171 1944 neque
190 1863 301 1924 tamen
317 1859 351 1923 id
369 1851 491 1943 percipi
510 1882 548 1924 ac
567 1860 751 1944 comprendi
767 1880 870 1943 posse.
903 1858 974 1933 Quo
993 1859 1079 1925 enim

33 1948 164 2014 eomodo
183 1948 352 2031 perspicue
371 1949 488 2012 dixeris
509 1948 618 2017 album
636 1969 707 2012 esse
728 1947 858 2032 aliquid,
881 1969 953 2012 cum
976 1947 1080 2031 possit

68 2036 223 2120 accidere,
245 2040 282 2100 ut
304 2035 346 2119 id,
368 2037 452 2120 quod
470 2037 599 2122 nigrum
619 2037 670 2120 sit,
647 2035 803 2100 talbum
822 2057 892 2100 esse
910 2035 1078 2100 videatur?

67 2129 121 2190 aut
139 2146 205 2209 quo
224 2124 321 2189 modo
339 2125 405 2189 ista
423 2129 480 2190 aut
496 2124 666 2209 perspicua
684 2124 825 2189 dicemus
844 2128 900 2188 aut
917 2125 953 2189 ia
974 2125 1079 2189 animo

67 2215 227 2298 impressa
249 2212 424 2296 subtiliter,
447 2235 520 2278 curn
543 2214 586 2277 sit
608 2214 780 2295 incertum,
802 2234 875 2277 vere
898 2213 1079 2276 inaniterne

67 2299 259 2368 moveatur?
304 2299 357 2365 Ita
378 2322 481 2385 nequo
504 2302 593 2366 color
614 2323 718 2385 neque
741 2322 855 2384 corpus
878 2322 938 2366 nec
961 2301 1079 2365 veritas

35 2411 125 2456 nnec
155 2392 381 2474 argumentum
403 2411 462 2455 nec
485 2411 597 2454 sensus
620 2412 723 2473 neque
750 2390 955 2473 perspicuum
978 2389 1080 2452 ullum

66 2478 271 2562 relinquitur.
325 2476 376 2542 Ex
407 2477 468 2542 hoc
499 2478 578 2542 illud
604 2477 645 2542 iis
680 2500 741 2542 usu
768 2477 877 2540 venire
905 2476 1003 2555 solet,
1034 2480 1079 2558 ut,
1098 2497 1132 2545 35

67 2564 220 2650 quicquid
247 2564 401 2643 dixerint,
430 2588 449 2628 a
473 2565 666 2649 quibusdam
688 2566 942 2649 interrogentur:
976 2563 1079 2648 ‘Ergo

67 2656 152 2719 istuc
170 2653 302 2739 quidem
319 2652 497 2737 percipis‘?'
526 2651 588 2718 Sed
606 2654 660 2737 qui
678 2654 725 2718 ita
743 2655 956 2737 interrogant,
976 2652 1017 2716 ab
1040 2653 1080 2716 iis

67 2742 255 2808 irridentur.
290 2741 366 2807 Non
386 2742 471 2806 enim
489 2748 640 2826 urguent,
663 2745 700 2805 ut
723 2745 900 2825 coarguant
920 2741 1081 2806 neminem

36 2831 138 2896 sulla
156 2830 198 2894 de
216 2851 252 2894 re
268 2851 365 2914 posse
384 2829 574 2895 contendere
596 2852 655 2895 nec
679 2829 866 2894 adseverare
885 2830 954 2893 sine
973 2829 1082 2914 aliqua

70 2921 137 2984 eius
155 2919 220 2997 rei,
242 2940 338 3002 quem
357 2917 420 2983 sibi
438 2919 572 3002 quisque
590 2919 718 3001 placere
741 2918 827 3000 dicit,
851 2922 939 2982 certa
958 2922 991 2981 et
1008 2940 1080 3001 pro-

69 3008 142 3090 pria
163 3009 253 3072 nota.
304 3005 395 3082 Quod
417 3010 468 3070 est
489 3007 589 3090 igitur
612 3007 697 3072 istuc
724 3009 867 3070 vestrum
890 3006 1080 3090 probabile?

69 3094 156 3160 Nam
178 3094 223 3177 si,
246 3094 332 3178 quod
355 3095 468 3179 cuique
492 3095 630 3160 occurrit
652 3099 685 3159 et
704 3095 808 3177 primo
832 3096 925 3179 quasi
948 3098 1080 3178 aspectu

71 3182 240 3284 probabile
258 3182 346 3248 videt
332 3187 394 3260 t,ur
412 3183 447 3247 id
465 3183 688 3265 confirmatur,
708 3183 783 3267 quid
802 3205 839 3248 eo
859 3183 985 3247 levius?
1023 3181 1081 3246 sin

40 3291 110 3335 sex
136 3272 422 3372 circumspectione
450 3271 559 3356 aliqua
586 3273 619 3335 et
647 3275 797 3336 accurata
827 3270 1080 3336 consideratione

73 3359 156 3441 quod
186 3360 293 3425 visum
325 3360 381 3443 sit,
411 3359 445 3424 id
477 3381 511 3424 se
543 3360 651 3423 dicent
682 3360 786 3444 sequi,
817 3362 929 3422 tamen
961 3357 1081 3419 exitum

74 3467 137 3512 non
158 3447 341 3533 habebunt,
359 3447 499 3531 primurn
521 3447 596 3533 quia
613 3448 654 3514 iis
675 3448 770 3535 visis,
791 3447 879 3514 inter
898 3465 982 3531 uuae
1001 3442 1096 3508 mun
1061 3464 1149 3512 as
