2346 3876
102 167 170 230 430
300 163 599 220 TUSCULANARUM
615 162 921 219 DISPUTATIONUM

104 328 237 411 vulgata
260 330 348 410 sunt,
372 326 427 390 sed
450 327 552 390 multo
575 326 695 410 magis,
723 325 812 409 quia,
839 328 1008 409 tamquam
1030 326 1106 389 levia

104 415 262 499 quaedam
280 415 356 479 vina
373 414 456 478 nihil
479 414 641 478 valentin
660 435 755 496 aqua,
779 415 827 477 sic
846 411 1029 478 Stoicorum
1050 413 1105 477 ista

104 503 210 587 magis
243 505 374 586 gustata
412 524 508 585 quarn
539 504 653 583 potata
688 500 858 565 delectant.
920 500 1021 566 Velut
1050 501 1105 564 iste

105 591 221 654 chorus
248 591 404 654 virtutum
432 591 467 652 in
494 590 638 653 eculeum
664 588 835 671 impositus
859 589 1019 672 imagines
1041 609 1105 653 con-

105 678 212 742 stituit
239 681 314 741 ante
342 677 452 742 oculos
480 699 552 741 cum
580 676 781 759 amplissima
808 675 983 761 dignitate,
1009 681 1046 740 ut
1072 675 1125 742 adr

105 788 160 830 eas
184 765 303 830 cursim
332 769 516 848 perrectura
537 784 597 828 neo
620 785 674 828 eas
699 764 796 828 beata
818 764 887 828 vita
910 787 931 828 a
954 787 988 828 se
1011 764 1104 828 deser·

52 869 86 918 14
104 859 157 918 tas
189 875 323 937 passura
354 853 517 936 videatur3
555 874 628 916 oum
660 855 769 916 autem
801 852 947 917 animum
979 852 1021 916 ab
1051 853 1106 916 ista

103 943 231 1024 pictura
257 941 516 1025 imaginibusque
539 941 696 1004 virtutum
726 940 859 1003 adrem
882 941 1105 1023 veritatemque

103 1029 293 1111 traduxeris,
311 1029 374 1093 hoc
391 1029 512 1092 nudum
526 1028 728 1110 relinquitur,
746 1028 894 1110 possitne
914 1028 987 1111 quis
1002 1028 1104 1092 beatus

105 1139 187 1201 esse,
215 1138 311 1201 quam
339 1116 393 1179 diu
415 1119 612 1200 torqueatur.
658 1114 920 1190 Quamobrem
945 1116 1133 1180 hocnunoo

105 1225 309 1287 quaeramus,
333 1203 468 1268 virtutes
493 1207 602 1268 autem
623 1204 692 1267 noli
714 1203 817 1267 vereri
839 1224 881 1266 ne
906 1204 1105 1287 expostulent

104 1296 138 1354 et
165 1294 340 1374 querantur
367 1313 401 1354 se
424 1313 444 1354 a
470 1291 566 1356 beata
592 1293 661 1355 vita
688 1312 757 1355 esse
783 1291 925 1355 relictas.
972 1290 1007 1356 Si
1029 1291 1104 1355 enim

104 1379 196 1443 nulla
213 1379 316 1444 virtus
338 1379 509 1463 prudentia
527 1383 634 1461 vacat,
656 1379 827 1463 prudentia
848 1380 920 1462 ipsa
938 1380 1001 1444 hoo
1020 1379 1103 1461 videt,

104 1489 171 1532 non
202 1468 309 1532 omnis
342 1468 444 1532 bonos
477 1488 547 1531 esse
580 1468 677 1532 etiam
709 1467 836 1549 beatos,
872 1468 1040 1552 multaque
1072 1466 1104 1529 de

104 1555 148 1619 M.
162 1554 275 1638 Atilio,
294 1554 330 1630 Q.
350 1553 519 1637 Caepione,
537 1554 589 1620 Μ’.
604 1553 736 1638 Aquilio
754 1554 952 1637 recordatur,
971 1556 1102 1619 beatam·
1113 1576 1131 1616 u

105 1665 166 1727 que
189 1644 302 1724 vitam,
325 1644 354 1706 si
376 1643 574 1727 imaginibus
593 1644 702 1725 potius
722 1644 770 1706 uti
793 1665 892 1727 quam
914 1644 1011 1707 rebus
1034 1642 1102 1726 ipsis

104 1732 223 1813 placet,
246 1734 416 1794 conantem
433 1732 480 1794 ire
498 1731 533 1794 in
552 1731 696 1794 eculeum
713 1732 833 1793 retinet
853 1731 925 1814 ipsa
943 1730 1104 1813 prudentia

103 1820 263 1902 negatque
296 1819 325 1882 ei
357 1841 429 1883 cum
461 1818 572 1882 dolore
605 1821 637 1881 et
667 1818 812 1883 cruciatu
840 1819 1014 1902 quicquam
1044 1836 1103 1880 esse

106 1927 282 1970 commune.

59 1980 79 2042 6
171 1999 216 2058 M.
239 1994 347 2059 Facile
370 1995 477 2076 patior
498 1998 532 2058 te
550 1995 614 2058 isto
633 1995 728 2058 modo
753 2014 863 2077 agere,
888 1993 952 2057 etsi
969 1994 1102 2076 iniquum
1112 2013 1131 2053 a

53 2056 85 2104 ¹⁵
105 2084 155 2145 est
173 2083 390 2163 praescribere
408 2082 489 2146 mihi
506 2086 553 2165 te,
571 2103 667 2166 quem
687 2081 879 2167 admodum
898 2104 918 2144 a
936 2103 988 2145 me
1007 2081 1103 2163 dispu-

103 2168 168 2231 tari
195 2169 285 2232 velis.
331 2167 393 2232 sed
417 2191 548 2254 quaero,
576 2174 686 2233 utrum
709 2168 829 2252 aliquid
859 2174 971 2233 actum
995 2166 1103 2251 superi·

105 2255 213 2319 oribus
236 2256 348 2320 diebus
372 2279 413 2320 an
437 2258 519 2321 nihil
543 2258 744 2321 arbitremur.

169 2345 211 2408 A.
238 2343 357 2408 Actum
379 2367 469 2429 vere,
493 2349 525 2409 et
548 2345 749 2429 aliquantum
771 2345 909 2428 quidem.

170 2438 215 2498 M.
239 2432 352 2516 Atqui,
376 2434 404 2496 si
426 2434 473 2497 ita
492 2435 554 2515 est,
576 2433 751 2517 profligata
769 2433 834 2496 iam
857 2432 936 2497 haec
957 2437 990 2497 et
1012 2450 1132 2516 paeneu

105 2519 145 2585 ad
168 2520 290 2584 exitum
314 2520 451 2585 adducta
474 2522 621 2605 quaestio
645 2524 703 2586 est.

170 2608 212 2673 A.
240 2608 309 2684 Quo
332 2608 462 2672 tandem
487 2608 605 2673 modo?

170 2701 216 2759 M.
240 2695 322 2771 Quia
336 2700 443 2761 motus
461 2696 642 2760 turbulenti
660 2695 918 2780 iactationesque
935 2698 1106 2763 animorum

105 2783 257 2848 incitatae
299 2787 332 2846 et
372 2784 496 2866 impetu
538 2784 777 2848 inconsiderato
814 2785 918 2849 elatae
956 2786 1107 2851 rationem

106 2891 234 2934 omnem
257 2871 448 2954 repellentes
471 2872 558 2935 vitae
581 2872 694 2935 beatae
717 2872 840 2936 nullam
868 2876 999 2955 partem
1021 2873 1137 2937 rolin-o

106 2961 217 3041 quunt.
266 2957 345 3032 Quis
374 2959 459 3022 euim
486 2963 596 3042 potest
623 2956 767 3024 mortem*
789 2962 846 3022 aut
873 2959 1021 3033 dolorem
1051 2981 1108 3024 me·

104 3049 212 3126 tuens,
240 3045 376 3126 quorum
405 3046 543 3110 alterum
571 3068 665 3129 saepe
693 3048 797 3130 adest,
828 3047 968 3113 alterum
992 3066 1110 3132 semper

105 3132 265 3216 inpendet,
286 3153 437 3196 essenon
457 3134 576 3198 miser?
604 3134 696 3218 Quid,
716 3136 743 3198 si
761 3135 856 3216 idem,
875 3137 962 3218 quod
979 3137 1109 3220 plerum·

106 3242 166 3303 que
188 3221 239 3303 fit,
261 3222 497 3303 paupertatem,
520 3223 747 3307 ignominiam,
769 3223 938 3287 infamiam
963 3225 1066 3301 timet,
1088 3221 1111 3286 si

106 3308 322 3384 debilitatem,
346 3309 547 3391 caecitatem,
571 3310 599 3372 si
618 3310 768 3393 denique,
791 3309 874 3393 quod
893 3332 960 3375 non
980 3310 1140 3395 singulisu

105 3395 304 3479 hominibus,
328 3395 384 3459 sed
401 3397 589 3478 potentibus
612 3398 740 3480 populis
760 3418 855 3480 saepe
873 3399 1028 3483 contigit,
1052 3419 1110 3462 ser·

43 3504 81 3554 16
103 3483 264 3552 vitutem?
279 3487 392 3573 potest
406 3505 444 3550 ea
456 3484 575 3549 timens
589 3506 660 3548 esse
677 3486 846 3567 quisquam
860 3485 1001 3550 beatus?
1024 3484 1112 3566 auid,
