2356 3870
244 172 312 229 tra.
331 173 366 230 11.
394 173 472 230 cnr.
490 179 612 229 es-ar.
645 179 801 240 ser-sc.
965 173 1028 237 155

43 333 116 398 laude
136 334 299 401 amicitiae
322 335 410 401 dicta
433 330 516 402 sunt.
567 335 643 402 Non
670 357 802 421 quaero,
829 336 905 420 quid
933 335 1027 419 dieat,

43 421 84 485 sed
110 422 183 507 quid
215 424 443 489 convenienter
477 424 582 508 possit
617 424 737 489 rationi
773 426 807 487 et
849 425 1028 489 sententiae

42 529 100 574 suae
120 511 232 576 dicere.
284 510 459 577 ‘Utilitatis
488 534 585 577 causa
612 512 754 576 amicitia
783 514 832 576 est
859 510 1027 596 quaesita?

41 594 107 662 Num
132 599 233 683 igitur
260 599 425 664 utiliorem
452 600 514 665 tibi
540 600 625 665 hunc
648 599 810 664 Triarium
838 603 934 682 putas
958 619 1027 663 esse

41 706 126 770 posse,
153 708 252 771 quam
278 688 307 752 si
334 690 391 752 tua
418 689 485 752 sint
510 687 655 753 Puteolis
684 686 856 773 granaria?
902 685 1028 772 Collige

41 775 141 858 onnia,
175 795 258 859 quae
288 775 413 840 soletis:
451 775 662 840 ‘Praesidium
691 774 889 840 amicorum?
943 773 1028 838 Satis

41 862 155 928 esttibi
183 863 218 927 in
240 866 287 946 te,
314 863 394 928 satis
416 863 450 928 in
474 863 618 948 legibus,
647 865 727 928 satis
755 863 789 926 in
815 863 1028 927 mediocribus

41 951 171 1015 amicitiis
198 951 367 1036 praesidii3
393 952 459 1016 iam
483 953 644 1016 contemni
666 973 732 1016 non
754 951 890 1035 poteris3
920 950 1034 1015 odium

41 1043 126 1104 1111111
150 1042 185 1103 11
205 1038 362 1103 invidiam
383 1038 481 1104 facile
502 1040 634 1123 vitabis3
662 1039 701 1103 ad
726 1061 780 1103 eas
803 1040 889 1103 enim
912 1059 963 1102 res
987 1039 1028 1102 ab

40 1126 158 1211 tpicuro
182 1131 356 1210 praecepta
379 1126 503 1192 dantur.
540 1126 585 1192 Et
607 1126 718 1192 tainen
739 1130 841 1191 tantis
864 1126 1028 1212 vectigali·

40 1236 79 1280 rus
105 1215 147 1281 ad
174 1215 404 1280 libera-litatem
436 1219 530 1280 utens
563 1215 661 1280 etiam
698 1216 765 1279 sine
798 1215 857 1279 hae
888 1215 1029 1298 Pyladea

40 1303 163 1368 micitia
190 1303 366 1369 multorum
389 1307 422 1368 te
456 1302 677 1382 benivolentia
708 1303 872 1387 praeclare
897 1303 1028 1368 tuebere

40 1394 56 1456 1
72 1391 209 1456 munies.
253 1389 300 1455 At
321 1391 449 1475 quicum
472 1391 544 1456 ioca
567 1391 664 1473 seria,
685 1394 723 1454 ut
745 1391 874 1474 dicitur,
900 1391 1028 1474 quicum
1048 1405 1083 1454 85

40 1501 144 1562 urana,
163 1478 293 1564 quicum
313 1479 441 1544 occulte
459 1479 591 1543 omnia?
627 1479 747 1545 Tecum
766 1479 897 1561 optime,
916 1478 1031 1543 deinde

40 1569 116 1633 tiam
148 1587 222 1632 curn
254 1566 408 1632 mediocri
441 1568 551 1632 amico.
607 1565 669 1632 Sed
695 1567 747 1632 l'ac
775 1567 837 1630 ista
859 1571 934 1630 'esse
963 1588 1030 1631 uon

40 1659 217 1741 mportuna3
236 1654 313 1738 quid
332 1654 373 1719 ad
391 1655 567 1720 utilitatem
585 1658 697 1719 tantae
716 1654 893 1738 pecuniae?
931 1653 1029 1717 Vides

40 1745 131 1829 gitur,
160 1743 190 1808 si
217 1743 394 1807 amicitiam
422 1765 480 1808 sua
507 1742 640 1807 caritate
667 1743 816 1824 metiore,
847 1741 929 1806 nihil
960 1763 1030 1806 esse

40 1831 253 1910 ›raestantius‚
282 1831 332 1898 sin
360 1831 590 1914 emolumento,
618 1853 760 1896 summas
790 1830 1030 1895 familiaritates

40 1920 225 1986 rraediorum
252 1919 490 1984 fructuosorum
517 1918 662 1983 mercede
691 1920 845 2002 superari.
895 1916 948 1982 Me
971 1919 1030 2000 igi·

40 2030 74 2072 ur
101 2009 212 2092 ipsum
248 2028 335 2071 ames
373 2011 514 2090 oportet,
549 2028 615 2070 non
647 2029 731 2090 mea,
770 2007 797 2072 si
829 2006 897 2072 veri
934 2006 1031 2070 amici

40 2095 121 2161 'utari
144 2117 264 2161 sumus.

87 2182 148 2249 Sed
179 2184 213 2248 in
245 2184 340 2248 rebus
373 2183 587 2267 apertissimis
621 2183 757 2249 nimium
790 2184 879 2268 longi
913 2189 1083 2253 11111127

40 2269 166 2338 ?erfect0
199 2272 286 2337 enim
323 2275 356 2336 et
392 2272 543 2337 concluso
579 2293 682 2356 neque
719 2271 892 2336 virtutibus
929 2291 1031 2354 neque

40 2361 174 2426 micitiis
197 2382 333 2445 usquam
356 2360 463 2425 locum
486 2381 569 2442 esse,
593 2361 621 2425 si
641 2359 680 2424 ad
699 2361 899 2442 voluptatem
922 2359 1031 2423 omnia

40 2448 213 2532 referantur,
240 2448 324 2511 nihil
351 2450 519 2531 praeterea
547 2450 597 2512 est
625 2468 821 2532 magnopere
854 2445 1031 2510 dicendum.

39 2534 216 2616 letamen,
244 2557 285 2600 ne
309 2537 360 2600 eui
384 2535 455 2600 loco
478 2557 544 2601 non
568 2536 716 2600 videatur
739 2528 1032 2616 esse'responsum‚

40 2645 124 2704 rauca
146 2626 246 2689 etiarn
266 2646 352 2688 nunc
374 2624 478 2687 dicam
498 2624 538 2687 ad
557 2624 715 2708 reliquam
734 2623 915 2689 orationem
932 2625 1031 2685 tuam.

39 2710 183 2788 laoniem
211 2713 312 2797 igitur
339 2712 442 2777 omnis
471 2733 597 2776 summa
625 2711 850 2795 philosophiae
875 2709 913 2773 ad
938 2710 1031 2774 beate
1051 2720 1085 2770 cc

39 2800 194 2866 rivendum
226 2799 377 2882 refertur,
407 2798 503 2883 idque
533 2821 633 2863 unum
666 2800 850 2882 expetentes
883 2797 1032 2862 homines

39 2908 59 2952 11
86 2889 127 2954 ad
154 2888 218 2953 hoc
246 2888 388 2952 studium
415 2887 633 2967 contulerunt,
662 2888 756 2952 beate
786 2890 893 2951 autem
925 2887 1032 2951 vivere

39 2976 80 3041 uii
110 2977 145 3042 in
178 2977 256 3059 alio,
287 2997 345 3042 vos
377 2975 411 3039 in
442 2976 610 3058 voluptate
641 2976 777 3059 ponitis,
809 2975 887 3039 item
920 2980 1032 3040 contra

39 3065 188 3130 aiseriam
222 3085 348 3128 omnem
384 3064 419 3128 in
457 3062 580 3146 dolore,
616 3063 650 3127 id
681 3063 822 3147 primum
858 3063 1033 3145 videamus

39 3156 115 3217 reste
142 3153 252 3217 vivere
282 3156 426 3217 restrum
455 3151 550 3235 quale
578 3151 630 3217 sit.
678 3152 784 3236 Atque
814 3151 875 3216 hoe
905 3150 1033 3232 dabitis,

39 3244 61 3304 rt
81 3241 213 3326 opinor,
237 3240 264 3304 si
288 3241 383 3306 modo
407 3239 450 3304 sit
473 3238 595 3324 aliquid
618 3261 687 3304 esse
710 3241 855 3322 beatum,
883 3239 915 3302 id
940 3260 1033 3322 opor-

39 3348 92 3395 cre
109 3332 217 3395 totum
236 3328 314 3412 poni
331 3329 365 3392 in
385 3331 546 3412 potestate
565 3328 730 3411 sapientis.
774 3326 860 3393 Nam
881 3327 908 3390 si
928 3325 1034 3391 amitti

39 3416 91 3483 aa
110 3416 211 3483 beata
233 3420 354 3500 potest,
376 3416 474 3480 beata
497 3437 566 3480 esse
589 3437 655 3481 non
677 3419 793 3500 potest.
844 3413 925 3490 Quis
947 3413 1033 3476 enim

39 3504 156 3572 >suddit
178 3525 306 3589 semper
329 3504 391 3569 sibi
414 3503 495 3568 illud
525 3504 642 3568 stabile
671 3507 704 3569 11
732 3504 860 3568 firmum
888 3522 1033 3586 perman·
