2346 3876
101 157 167 219 422
296 152 593 209 TUSCULANARUM
609 153 919 209 DISPUTATIONUM

101 319 236 382 dicimus
268 317 370 381 exisse
402 317 441 380 de
472 318 649 399 potestate,
679 315 712 378 id
744 318 795 379 cst
827 315 869 379 de
896 316 1041 399 consilio,
1066 315 1094 378 de

102 407 240 488 ratione,
273 405 312 469 de
343 408 464 486 mente,
496 403 613 467 horum
645 402 731 466 enim
762 406 915 486 potestas
946 405 980 467 in
1007 406 1095 468 totum

50 510 83 558 78
103 495 245 558 animum
268 515 338 558 esse
361 493 465 557 debet.
510 491 572 554 His
596 498 653 555 aut
676 490 890 555 subtrahendi
914 495 989 556 sunt
1011 493 1050 575 ei,
1071 491 1095 553 in

103 604 183 666 quos
206 583 362 665 impetum
382 585 538 645 conantur
556 579 676 662 faeere,
699 578 777 643 dum
795 601 830 642 se
854 580 921 662 ipsi
939 580 1094 663 conligant,

104 671 194 755 (quid
226 673 276 734 est
308 672 416 733 autem
445 689 478 732 se
509 668 618 750 ipsum
649 666 801 750 colligere
833 667 899 731 nisi
932 667 1111 750 dissupatas

103 759 203 822 animi
226 757 328 841 partis
351 778 479 821 rursum
501 756 536 821 in
559 777 653 819 suum
676 754 784 818 locum
807 754 963 841 cogerel)
986 759 1040 820 aut
1057 772 1094 817 ro*-

103 846 202 929 gandi
225 845 399 928 orandique
422 847 510 922 sunt,
537 847 588 925 ut,
616 843 643 907 si
671 864 768 925 quam
791 842 918 907 habent
939 841 1095 908 ulciscendi

103 935 182 1015 vim,
211 933 360 997 differant
385 932 420 996 in
446 935 575 1014 tempus
602 931 701 1008 aliud,
730 930 807 994 dum
835 931 1033 996 defervescat
1051 931 1094 992 ira

102 1022 329 1086 Defervesoere
366 1023 475 1084 autem
512 1023 598 1083 certe
630 1018 794 1102 significat
831 1019 981 1083 ardorem
1013 1015 1095 1083 animi

103 1110 206 1173 invita
240 1108 365 1171 ratione
402 1108 586 1171 excitatum.
652 1106 703 1172 Ex
740 1127 802 1189 quo
841 1106 926 1171 illud
964 1107 1120 1172 laudatura

102 1197 279 1278 Archytae,
307 1195 363 1277 qui
390 1216 463 1259 cum
489 1195 586 1259 vilico
611 1194 715 1258 factus
746 1197 833 1259 esset
861 1195 991 1280 iratior,
1018 1193 1094 1269 ‘Quo

102 1289 139 1347 te
181 1280 320 1398 modo',
361 1283 485 1366 inquit,
527 1281 821 1367 ‘accepissem
868 1283 947 1348 nisi
991 1284 1094 1347 iratus

104 1373 239 1436 essem!

51 1432 92 1558 {g
169 1459 236 1524 Ubi
263 1462 338 1523 sunt
361 1478 437 1543 ergo
461 1459 531 1542 isti,
559 1459 613 1542 qui
643 1458 842 1523 iracundiam
865 1459 981 1528 utilem
1004 1456 1096 1521 dicunt

103 1545 225 1634 (potest
244 1547 331 1611 utilis
353 1568 423 1611 esse
446 1545 609 1631 insaniat)
633 1551 689 1611 aut
710 1546 914 1628 naturalem?
950 1546 1004 1609 An
1024 1543 1121 1629 quic-1⁵

103 1660 200 1721 quam
224 1639 274 1699 est
292 1635 465 1699 secundum
487 1638 653 1718 naturam,
677 1634 762 1718 quod
785 1635 824 1698 fit
841 1637 1040 1718 repugnante
1056 1653 1096 1698 ra·

102 1723 212 1788 tione?
240 1744 303 1807 quo
331 1722 427 1787 modo
456 1725 576 1804 autem,
605 1723 634 1786 si
661 1722 819 1786 naturalis
849 1726 935 1786 esset
961 1722 1023 1805 ira,
1052 1721 1096 1784 aut

104 1813 186 1876 alius
219 1811 281 1875 alio
309 1811 414 1895 magis
441 1810 612 1875 iracundus
641 1813 737 1892 esset,
766 1813 821 1873 aut
850 1811 950 1875 finem
981 1808 1098 1873 haberet

103 1900 206 1983 priuS,
234 1920 330 1982 quam
359 1901 444 1962 esset
470 1898 551 1981 ulta,
578 1898 753 1963 ulciscendi
775 1897 892 1981 libido,
925 1902 982 1962 aut
1004 1917 1097 1982 quem·

104 2010 201 2072 quam
223 1986 415 2069 paeniteret,
442 1986 528 2070 quod
550 1985 680 2050 fecisset
701 2007 759 2069 per
780 1985 887 2050 iram?
914 1990 952 2050 ut
974 1986 1140 2050 Alexan-u.

103 2076 196 2138 drum
223 2094 333 2158 regem
360 2074 518 2157 videmus,
551 2075 606 2157 qui
638 2095 710 2138 cum
741 2073 963 2139 interemisset
993 2072 1097 2138 Clitum

103 2162 296 2226 familiarem
320 2182 426 2240 suum,
449 2163 502 2226 vix
521 2184 540 2225 a
558 2184 593 2225 se
615 2183 728 2225 manus
752 2161 927 2246 abstinuit3
951 2166 1042 2226 tanta
1057 2158 1097 2222 vis

103 2250 166 2313 fuit
187 2249 381 2332 paenitendi.
425 2248 546 2324 Quibus
570 2250 709 2333 cognitis
732 2250 803 2333 quis
827 2253 878 2314 est
901 2250 956 2334 qui
979 2249 1098 2326 dubitet,

104 2338 181 2422 quin
207 2337 260 2401 hic
287 2359 414 2422 quoque
436 2342 544 2402 motus
568 2337 669 2402 animi
692 2337 735 2400 sit
765 2334 855 2402 totus
879 2337 1051 2423 opinabilis
1070 2354 1099 2397 ao

104 2425 327 2492 voluntarius?
368 2425 447 2501 Quis
471 2426 556 2489 enim
580 2424 748 2507 dubitarit,
772 2424 850 2508 quin
874 2425 1097 2510 aegrotationes
1108 2442 1126 2482 a

104 2515 216 2598 animi,
246 2513 351 2598 qualis
382 2517 431 2577 est
461 2513 611 2592 avaritia,
641 2512 765 2597 gloriae
795 2512 971 2596 cupiditas,
999 2535 1036 2577 ex
1062 2530 1098 2587 eo,

103 2603 188 2685 quod
211 2603 320 2686 magni
344 2605 541 2665 aestumetur
563 2622 601 2665 ea
623 2622 687 2682 res,
711 2623 749 2663 ex
771 2621 835 2683 qua
854 2601 983 2665 animus
1002 2618 1098 2683 aegro·

104 2695 166 2772 tat,
199 2690 366 2754 oriantur?
420 2689 513 2753 Unde
541 2689 685 2772 intellegi
713 2688 809 2752 debet
834 2690 1098 2771 perturbationem

51 2797 231 2861 aequoque
258 2799 385 2842 omnem
413 2799 482 2841 esse
505 2777 540 2839 in
563 2777 723 2859 opinione.
775 2775 820 2839 Et
848 2776 877 2839 si
904 2777 1051 2852 fidentia,
1072 2770 1098 2834 id

105 2868 154 2929 est
185 2866 280 2928 firma
312 2865 412 2928 animi
448 2864 595 2947 confisio,
632 2864 767 2928 scientia
803 2864 963 2946 quaedam
1000 2868 1048 2928 est
1073 2860 1123 2922 eta

104 2953 213 3034 opinio
237 2953 346 3034 gravis
368 2974 433 3016 non
457 2959 576 3016 temere
601 2951 825 3033 adsentientiS,
854 2955 960 3016 metus
988 2965 1097 3037 qnoque

105 3044 154 3104 est
181 3038 361 3103 diffidentia
390 3040 549 3123 expectati
581 3043 613 3103 et
644 3039 846 3122 inpendentis
879 3040 974 3122 mali,
1006 3043 1051 3121 et,
1076 3031 1096 3096 εἰ

104 3149 178 3210 spes
215 3129 265 3189 est
303 3128 483 3209 expectatio
521 3128 613 3209 boni,
645 3126 724 3191 mali
756 3127 1015 3210 expectationem
1042 3139 1097 3188 esse

103 3235 234 3279 necesse
253 3216 303 3277 est
321 3220 452 3279 metum.
488 3214 534 3279 Ut
552 3215 654 3299 igitur
673 3218 792 3297 metus,
815 3215 862 3277 sic
880 3215 1025 3298 reliquae
1040 3230 1097 3296 per·

103 3302 308 3366 turbationes
332 3304 462 3366 suntin
485 3304 580 3366 malo.
628 3301 718 3387 Ergo
741 3305 778 3365 ut
800 3305 990 3367 constantia
1012 3302 1122 3365 scien-s

103 3390 180 3466 tiae,
209 3391 256 3455 sic
283 3390 483 3474 perturbatio
512 3391 628 3454 erroris
656 3393 713 3454 est.
765 3388 829 3464 Qui
856 3393 967 3456 autem
997 3392 1098 3454 naun

99 3477 251 3546 dicuntur
272 3478 420 3547 iracundi
442 3481 499 3545 aut
519 3478 742 3543 misericordes
765 3479 822 3542 aut
844 3477 948 3544 invidi
969 3481 1025 3544 aut
1043 3472 1097 3540 ule

63 3598 99 3624 h
